@ARTICLE{2006ApJ...649...14D,
       author = {{Dijkstra}, Mark and {Haiman}, Zolt{\'a}n and {Spaans}, Marco},
        title = "{Ly{\ensuremath{\alpha}} Radiation from Collapsing Protogalaxies. I. Characteristics of the Emergent Spectrum}",
      journal = {\apj},
     keywords = {Cosmology: Theory, Galaxies: Formation, Galaxies: Halos, Galaxies: Intergalactic Medium, Galaxies: Quasars: General, Radiative Transfer, Astrophysics},
         year = 2006,
        month = sep,
       volume = {649},
       number = {1},
        pages = {14-36},
          doi = {10.1086/506243},
archivePrefix = {arXiv},
       eprint = {astro-ph/0510407},
 primaryClass = {astro-ph},
       adsurl = {https://ui.adsabs.harvard.edu/abs/2006ApJ...649...14D},
      adsnote = {Provided by the SAO/NASA Astrophysics Data System}
}

@article{jiang2015,
    doi = {10.1088/0004-637x/813/1/74},
    url = {https://doi.org/10.1088%2F0004-637x%2F813%2F1%2F74},
    year = {2015},
    month = {oct},
    publisher = {{IOP} Publishing},
    volume = {813},
    number = {1},
    pages = {74},
    author = {Yan-Fei Jiang\(\姜\燕\飞\) and Matteo Cantiello and Lars Bildsten and Eliot Quataert and Omer Blaes},
    title = {{LOCAL} {RADIATION} {HYDRODYNAMIC} {SIMULATIONS} {OF} {MASSIVE} {STAR} {ENVELOPES} {AT} {THE} {IRON} {OPACITY} {PEAK}},
    journal = {The Astrophysical Journal},
    abstract = {We perform three-dimensional radiation hydrodynamic simulations of the structure and dynamics of the radiation-dominated envelopes of massive stars at the location of the iron opacity peak. One-dimensional hydrostatic calculations predict an unstable density inversion at this location, whereas our simulations reveal a complex interplay of convective and radiative transport whose behavior depends on the ratio of the photon diffusion time to the dynamical time. The latter is set by the ratio of the optical depth per pressure scale height,  to  where  is the isothermal sound speed in the gas alone. When  convection reduces the radiation acceleration and removes the density inversion. The turbulent energy transport in the simulations agrees with mixing length theory and provides its first numerical calibration in the radiation-dominated regime. When  convection becomes inefficient and the turbulent energy transport is negligible. The turbulent velocities exceed cg, driving shocks and large density fluctuations that allow photons to preferentially diffuse out through low-density regions. However, the effective radiation acceleration is still larger than the gravitational acceleration so that the time average density profile contains a modest density inversion. In addition, the simulated envelope undergoes large-scale oscillations with periods of a few hours. The turbulent velocity field may affect the broadening of spectral lines and therefore stellar rotation measurements in massive stars, while the time variable outer atmosphere could lead to variations in their mass loss and stellar radius.}
}

@ARTICLE{jiang2019,
       author = {{Jiang}, Yan-Fei and {Stone}, James M. and {Davis}, Shane W.},
        title = "{Super-Eddington Accretion Disks around Supermassive Black Holes}",
      journal = {\apj},
     keywords = {accretion, accretion disks, magnetohydrodynamics: MHD, methods: numerical, quasars: supermassive black holes, radiative transfer, Astrophysics - High Energy Astrophysical Phenomena},
         year = "2019",
        month = "Aug",
       volume = {880},
       number = {2},
          eid = {67},
        pages = {67},
          doi = {10.3847/1538-4357/ab29ff},
archivePrefix = {arXiv},
       eprint = {1709.02845},
 primaryClass = {astro-ph.HE},
       adsurl = {https://ui.adsabs.harvard.edu/abs/2019ApJ...880...67J},
      adsnote = {Provided by the SAO/NASA Astrophysics Data System}
}

@ARTICLE{paczynski1990,
       author = {{Paczynski}, Bohdan},
        title = "{Super-Eddington Winds from Neutron Stars}",
      journal = {\apj},
     keywords = {Binary Stars, Computational Astrophysics, Neutron Stars, Stellar Winds, Astronomical Models, Eddington Approximation, Electromagnetic Radiation, Stellar Luminosity, Astrophysics, GAMMA RAYS: BURSTS, NEUTRINOS, STARS: BINARIES, STARS: NEUTRON, STARS: WINDS, X-RAYS: BURSTS},
         year = "1990",
        month = "Nov",
       volume = {363},
        pages = {218},
          doi = {10.1086/169332},
       adsurl = {https://ui.adsabs.harvard.edu/abs/1990ApJ...363..218P},
      adsnote = {Provided by the SAO/NASA Astrophysics Data System}
}

@ARTICLE{ligo,
       author = {{Abbott}, B.~P. and {Abbott}, R. and {Abbott}, T.~D. and
         {Abernathy}, M.~R. and {Acernese}, F. and {Ackley}, K. and {Adams}, C. and
         {Adams}, T. and {Addesso}, P. and {Adhikari}, R.~X. and {Adya}, V.~B. and
         {Affeldt}, C. and {Agathos}, M. and {Agatsuma}, K. and {Aggarwal}, N. and
         {Aguiar}, O.~D. and {Aiello}, L. and {Ain}, A. and {Ajith}, P. and
         {Allen}, B. and {Allocca}, A. and {Altin}, P.~A. and {Anderson}, S.~B. and
         {Anderson}, W.~G. and {Arai}, K. and {Araya}, M.~C. and
         {Arceneaux}, C.~C. and {Areeda}, J.~S. and {Arnaud}, N. and
         {Arun}, K.~G. and {Ascenzi}, S. and {Ashton}, G. and {Ast}, M. and
         {Aston}, S.~M. and {Astone}, P. and {Aufmuth}, P. and {Aulbert}, C. and
         {Babak}, S. and {Bacon}, P. and {Bader}, M.~K.~M. and {Baker}, P.~T. and
         {Baldaccini}, F. and {Ballardin}, G. and {Ballmer}, S.~W. and
         {Barayoga}, J.~C. and {Barclay}, S.~E. and {Barish}, B.~C. and
         {Barker}, D. and {Barone}, F. and {Barr}, B. and {Barsotti}, L. and
         {Barsuglia}, M. and {Barta}, D. and {Bartlett}, J. and {Bartos}, I. and
         {Bassiri}, R. and {Basti}, A. and {Batch}, J.~C. and {Baune}, C. and
         {Bavigadda}, V. and {Bazzan}, M. and {Bejger}, M. and {Bell}, A.~S. and
         {Berger}, B.~K. and {Bergmann}, G. and {Berry}, C.~P.~L. and
         {Bersanetti}, D. and {Bertolini}, A. and {Betzwieser}, J. and
         {Bhagwat}, S. and {Bhandare}, R. and {Bilenko}, I.~A. and
         {Billingsley}, G. and {Birch}, J. and {Birney}, R. and {Biscans}, S. and
         {Bisht}, A. and {Bitossi}, M. and {Biwer}, C. and {Bizouard}, M.~A. and
         {Blackburn}, J.~K. and {Blair}, C.~D. and {Blair}, D.~G. and
         {Blair}, R.~M. and {Bloemen}, S. and {Bock}, O. and {Boer}, M. and
         {Bogaert}, G. and {Bogan}, C. and {Bohe}, A. and {Bond}, C. and
         {Bondu}, F. and {Bonnand}, R. and {Boom}, B.~A. and {Bork}, R. and
         {Boschi}, V. and {Bose}, S. and {Bouffanais}, Y. and {Bozzi}, A. and
         {Bradaschia}, C. and {Brady}, P.~R. and {Braginsky}, V.~B. and
         {Branchesi}, M. and {Brau}, J.~E. and {Briant}, T. and {Brillet}, A. and
         {Brinkmann}, M. and {Brisson}, V. and {Brockill}, P. and
         {Broida}, J.~E. and {Brooks}, A.~F. and {Brown}, D.~A. and
         {Brown}, D.~D. and {Brown}, N.~M. and {Brunett}, S. and
         {Buchanan}, C.~C. and {Buikema}, A. and {Bulik}, T. and
         {Bulten}, H.~J. and {Buonanno}, A. and {Buskulic}, D. and {Buy}, C. and
         {Byer}, R.~L. and {Cabero}, M. and {Cadonati}, L. and {Cagnoli}, G. and
         {Cahillane}, C. and {Calder{\'o}n Bustillo}, J. and {Callister}, T. and
         {Calloni}, E. and {Camp}, J.~B. and {Cannon}, K.~C. and {Cao}, J. and
         {Capano}, C.~D. and {Capocasa}, E. and {Carbognani}, F. and
         {Caride}, S. and {Casanueva Diaz}, J. and {Casentini}, C. and
         {Caudill}, S. and {Cavagli{\`a}}, M. and {Cavalier}, F. and
         {Cavalieri}, R. and {Cella}, G. and {Cepeda}, C.~B. and
         {Cerboni Baiardi}, L. and {Cerretani}, G. and {Cesarini}, E. and
         {Chamberlin}, S.~J. and {Chan}, M. and {Chao}, S. and {Charlton}, P. and
         {Chassande-Mottin}, E. and {Cheeseboro}, B.~D. and {Chen}, H.~Y. and
         {Chen}, Y. and {Cheng}, C. and {Chincarini}, A. and {Chiummo}, A. and
         {Cho}, H.~S. and {Cho}, M. and {Chow}, J.~H. and {Christensen}, N. and
         {Chu}, Q. and {Chua}, S. and {Chung}, S. and {Ciani}, G. and
         {Clara}, F. and {Clark}, J.~A. and {Cleva}, F. and {Coccia}, E. and
         {Cohadon}, P. -F. and {Colla}, A. and {Collette}, C.~G. and
         {Cominsky}, L. and {Constancio.}, M., Jr. and {Conte}, A. and
         {Conti}, L. and {Cook}, D. and {Corbitt}, T.~R. and {Cornish}, N. and
         {Corsi}, A. and {Cortese}, S. and {Costa}, C.~A. and {Coughlin}, M.~W. and
         {Coughlin}, S.~B. and {Coulon}, J. -P. and {Countryman}, S.~T. and
         {Couvares}, P. and {Cowan}, E.~E. and {Coward}, D.~M. and
         {Cowart}, M.~J. and {Coyne}, D.~C. and {Coyne}, R. and {Craig}, K. and
         {Creighton}, J.~D.~E. and {Cripe}, J. and {Crowder}, S.~G. and
         {Cumming}, A. and {Cunningham}, L. and {Cuoco}, E. and
         {Dal Canton}, T. and {Danilishin}, S.~L. and {D'Antonio}, S. and
         {Danzmann}, K. and {Darman}, N.~S. and {Dasgupta}, A. and
         {Da Silva Costa}, C.~F. and {Dattilo}, V. and {Dave}, I. and
         {Davier}, M. and {Davies}, G.~S. and {Daw}, E.~J. and {Day}, R. and
         {De}, S. and {DeBra}, D. and {Debreczeni}, G. and {Degallaix}, J. and
         {De Laurentis}, M. and {Del{\'e}glise}, S. and {Del Pozzo}, W. and
         {Denker}, T. and {Dent}, T. and {Dergachev}, V. and {De Rosa}, R. and
         {DeRosa}, R.~T. and {DeSalvo}, R. and {Devine}, R.~C. and {Dhurand
        har}, S. and {D{\'\i}az}, M.~C. and {Di Fiore}, L. and
         {Di Giovanni}, M. and {Di Girolamo}, T. and {Di Lieto}, A. and
         {Di Pace}, S. and {Di Palma}, I. and {Di Virgilio}, A. and
         {Dolique}, V. and {Donovan}, F. and {Dooley}, K.~L. and {Doravari}, S. and
         {Douglas}, R. and {Downes}, T.~P. and {Drago}, M. and
         {Drever}, R.~W.~P. and {Driggers}, J.~C. and {Ducrot}, M. and
         {Dwyer}, S.~E. and {Edo}, T.~B. and {Edwards}, M.~C. and {Effler}, A. and
         {Eggenstein}, H. -B. and {Ehrens}, P. and {Eichholz}, J. and
         {Eikenberry}, S.~S. and {Engels}, W. and {Essick}, R.~C. and
         {Etzel}, T. and {Evans}, M. and {Evans}, T.~M. and {Everett}, R. and
         {Factourovich}, M. and {Fafone}, V. and {Fair}, H. and {Fairhurst}, S. and
         {Fan}, X. and {Fang}, Q. and {Farinon}, S. and {Farr}, B. and
         {Farr}, W.~M. and {Favata}, M. and {Fays}, M. and {Fehrmann}, H. and
         {Fejer}, M.~M. and {Fenyvesi}, E. and {Ferrante}, I. and
         {Ferreira}, E.~C. and {Ferrini}, F. and {Fidecaro}, F. and {Fiori}, I. and
         {Fiorucci}, D. and {Fisher}, R.~P. and {Flaminio}, R. and
         {Fletcher}, M. and {Fournier}, J. -D. and {Frasca}, S. and
         {Frasconi}, F. and {Frei}, Z. and {Freise}, A. and {Frey}, R. and
         {Frey}, V. and {Fritschel}, P. and {Frolov}, V.~V. and {Fulda}, P. and
         {Fyffe}, M. and {Gabbard}, H.~A.~G. and {Gair}, J.~R. and
         {Gammaitoni}, L. and {Gaonkar}, S.~G. and {Garufi}, F. and {Gaur}, G. and
         {Gehrels}, N. and {Gemme}, G. and {Geng}, P. and {Genin}, E. and
         {Gennai}, A. and {George}, J. and {Gergely}, L. and {Germain}, V. and
         {Ghosh}, Abhirup and {Ghosh}, Archisman and {Ghosh}, S. and
         {Giaime}, J.~A. and {Giardina}, K.~D. and {Giazotto}, A. and
         {Gill}, K. and {Glaefke}, A. and {Goetz}, E. and {Goetz}, R. and
         {Gondan}, L. and {Gonz{\'a}lez}, G. and {Gonzalez Castro}, J.~M. and
         {Gopakumar}, A. and {Gordon}, N.~A. and {Gorodetsky}, M.~L. and
         {Gossan}, S.~E. and {Gosselin}, M. and {Gouaty}, R. and {Grado}, A. and
         {Graef}, C. and {Graff}, P.~B. and {Granata}, M. and {Grant}, A. and
         {Gras}, S. and {Gray}, C. and {Greco}, G. and {Green}, A.~C. and
         {Groot}, P. and {Grote}, H. and {Grunewald}, S. and {Guidi}, G.~M. and
         {Guo}, X. and {Gupta}, A. and {Gupta}, M.~K. and {Gushwa}, K.~E. and
         {Gustafson}, E.~K. and {Gustafson}, R. and {Hacker}, J.~J. and
         {Hall}, B.~R. and {Hall}, E.~D. and {Hammond}, G. and {Haney}, M. and
         {Hanke}, M.~M. and {Hanks}, J. and {Hanna}, C. and {Hannam}, M.~D. and
         {Hanson}, J. and {Hardwick}, T. and {Harms}, J. and {Harry}, G.~M. and
         {Harry}, I.~W. and {Hart}, M.~J. and {Hartman}, M.~T. and
         {Haster}, C. -J. and {Haughian}, K. and {Heidmann}, A. and
         {Heintze}, M.~C. and {Heitmann}, H. and {Hello}, P. and {Hemming}, G. and
         {Hendry}, M. and {Heng}, I.~S. and {Hennig}, J. and {Henry}, J. and
         {Heptonstall}, A.~W. and {Heurs}, M. and {Hild}, S. and {Hoak}, D. and
         {Hofman}, D. and {Holt}, K. and {Holz}, D.~E. and {Hopkins}, P. and
         {Hough}, J. and {Houston}, E.~A. and {Howell}, E.~J. and {Hu}, Y.~M. and
         {Huang}, S. and {Huerta}, E.~A. and {Huet}, D. and {Hughey}, B. and
         {Husa}, S. and {Huttner}, S.~H. and {Huynh-Dinh}, T. and {Indik}, N. and
         {Ingram}, D.~R. and {Inta}, R. and {Isa}, H.~N. and {Isac}, J. -M. and
         {Isi}, M. and {Isogai}, T. and {Iyer}, B.~R. and {Izumi}, K. and
         {Jacqmin}, T. and {Jang}, H. and {Jani}, K. and {Jaranowski}, P. and
         {Jawahar}, S. and {Jian}, L. and {Jim{\'e}nez-Forteza}, F. and
         {Johnson}, W.~W. and {Jones}, D.~I. and {Jones}, R. and
         {Jonker}, R.~J.~G. and {Ju}, L. and {K}, Haris and {Kalaghatgi}, C.~V. and
         {Kalogera}, V. and {Kandhasamy}, S. and {Kang}, G. and {Kanner}, J.~B. and
         {Kapadia}, S.~J. and {Karki}, S. and {Karvinen}, K.~S. and
         {Kasprzack}, M. and {Katsavounidis}, E. and {Katzman}, W. and
         {Kaufer}, S. and {Kaur}, T. and {Kawabe}, K. and
         {K{\'e}f{\'e}lian}, F. and {Kehl}, M.~S. and {Keitel}, D. and
         {Kelley}, D.~B. and {Kells}, W. and {Kennedy}, R. and {Key}, J.~S. and
         {Khalili}, F.~Y. and {Khan}, I. and {Khan}, S. and {Khan}, Z. and
         {Khazanov}, E.~A. and {Kijbunchoo}, N. and {Kim}, Chi-Woong and
         {Kim}, Chunglee and {Kim}, J. and {Kim}, K. and {Kim}, N. and
         {Kim}, W. and {Kim}, Y. -M. and {Kimbrell}, S.~J. and {King}, E.~J. and
         {King}, P.~J. and {Kissel}, J.~S. and {Klein}, B. and {Kleybolte}, L. and
         {Klimenko}, S. and {Koehlenbeck}, S.~M. and {Koley}, S. and
         {Kondrashov}, V. and {Kontos}, A. and {Korobko}, M. and {Korth}, W.~Z. and
         {Kowalska}, I. and {Kozak}, D.~B. and {Kringel}, V. and {Krishnan}, B. and
         {Kr{\'o}lak}, A. and {Krueger}, C. and {Kuehn}, G. and {Kumar}, P. and
         {Kumar}, R. and {Kuo}, L. and {Kutynia}, A. and {Lackey}, B.~D. and {Land
        ry}, M. and {Lange}, J. and {Lantz}, B. and {Lasky}, P.~D. and
         {Laxen}, M. and {Lazzarini}, A. and {Lazzaro}, C. and {Leaci}, P. and
         {Leavey}, S. and {Lebigot}, E.~O. and {Lee}, C.~H. and {Lee}, H.~K. and
         {Lee}, H.~M. and {Lee}, K. and {Lenon}, A. and {Leonardi}, M. and
         {Leong}, J.~R. and {Leroy}, N. and {Letendre}, N. and {Levin}, Y. and
         {Lewis}, J.~B. and {Li}, T.~G.~F. and {Libson}, A. and
         {Littenberg}, T.~B. and {Lockerbie}, N.~A. and {Lombardi}, A.~L. and
         {London}, L.~T. and {Lord}, J.~E. and {Lorenzini}, M. and
         {Loriette}, V. and {Lormand}, M. and {Losurdo}, G. and {Lough}, J.~D. and
         {L{\"u}ck}, H. and {Lundgren}, A.~P. and {Lynch}, R. and {Ma}, Y. and
         {Machenschalk}, B. and {MacInnis}, M. and {Macleod}, D.~M. and
         {Maga{\~n}a-Sandoval}, F. and {Maga{\~n}a Zertuche}, L. and
         {Magee}, R.~M. and {Majorana}, E. and {Maksimovic}, I. and
         {Malvezzi}, V. and {Man}, N. and {Mandic}, V. and {Mangano}, V. and
         {Mansell}, G.~L. and {Manske}, M. and {Mantovani}, M. and
         {Marchesoni}, F. and {Marion}, F. and {M{\'a}rka}, S. and
         {M{\'a}rka}, Z. and {Markosyan}, A.~S. and {Maros}, E. and
         {Martelli}, F. and {Martellini}, L. and {Martin}, I.~W. and
         {Martynov}, D.~V. and {Marx}, J.~N. and {Mason}, K. and {Masserot}, A. and
         {Massinger}, T.~J. and {Masso-Reid}, M. and {Mastrogiovanni}, S. and
         {Matichard}, F. and {Matone}, L. and {Mavalvala}, N. and
         {Mazumder}, N. and {McCarthy}, R. and {McClelland}, D.~E. and
         {McCormick}, S. and {McGuire}, S.~C. and {McIntyre}, G. and
         {McIver}, J. and {McManus}, D.~J. and {McRae}, T. and
         {McWilliams}, S.~T. and {Meacher}, D. and {Meadors}, G.~D. and
         {Meidam}, J. and {Melatos}, A. and {Mendell}, G. and {Mercer}, R.~A. and
         {Merilh}, E.~L. and {Merzougui}, M. and {Meshkov}, S. and
         {Messenger}, C. and {Messick}, C. and {Metzdorff}, R. and
         {Meyers}, P.~M. and {Mezzani}, F. and {Miao}, H. and {Michel}, C. and
         {Middleton}, H. and {Mikhailov}, E.~E. and {Milano}, L. and
         {Miller}, A.~L. and {Miller}, A. and {Miller}, B.~B. and {Miller}, J. and
         {Millhouse}, M. and {Minenkov}, Y. and {Ming}, J. and {Mirshekari}, S. and
         {Mishra}, C. and {Mitra}, S. and {Mitrofanov}, V.~P. and
         {Mitselmakher}, G. and {Mittleman}, R. and {Moggi}, A. and {Mohan}, M. and
         {Mohapatra}, S.~R.~P. and {Montani}, M. and {Moore}, B.~C. and
         {Moore}, C.~J. and {Moraru}, D. and {Moreno}, G. and {Morriss}, S.~R. and
         {Mossavi}, K. and {Mours}, B. and {Mow-Lowry}, C.~M. and {Mueller}, G. and
         {Muir}, A.~W. and {Mukherjee}, Arunava and {Mukherjee}, D. and
         {Mukherjee}, S. and {Mukund}, N. and {Mullavey}, A. and {Munch}, J. and
         {Murphy}, D.~J. and {Murray}, P.~G. and {Mytidis}, A. and
         {Nardecchia}, I. and {Naticchioni}, L. and {Nayak}, R.~K. and
         {Nedkova}, K. and {Nelemans}, G. and {Nelson}, T.~J.~N. and {Neri}, M. and
         {Neunzert}, A. and {Newton}, G. and {Nguyen}, T.~T. and
         {Nielsen}, A.~B. and {Nissanke}, S. and {Nitz}, A. and {Nocera}, F. and
         {Nolting}, D. and {Normandin}, M.~E.~N. and {Nuttall}, L.~K. and
         {Oberling}, J. and {Ochsner}, E. and {O'Dell}, J. and {Oelker}, E. and
         {Ogin}, G.~H. and {Oh}, J.~J. and {Oh}, S.~H. and {Ohme}, F. and
         {Oliver}, M. and {Oppermann}, P. and {Oram}, Richard J. and
         {O'Reilly}, B. and {O'Shaughnessy}, R. and {Ottaway}, D.~J. and
         {Overmier}, H. and {Owen}, B.~J. and {Pai}, A. and {Pai}, S.~A. and
         {Palamos}, J.~R. and {Palashov}, O. and {Palomba}, C. and
         {Pal-Singh}, A. and {Pan}, H. and {Pankow}, C. and {Pannarale}, F. and
         {Pant}, B.~C. and {Paoletti}, F. and {Paoli}, A. and {Papa}, M.~A. and
         {Paris}, H.~R. and {Parker}, W. and {Pascucci}, D. and
         {Pasqualetti}, A. and {Passaquieti}, R. and {Passuello}, D. and
         {Patricelli}, B. and {Patrick}, Z. and {Pearlstone}, B.~L. and
         {Pedraza}, M. and {Pedurand}, R. and {Pekowsky}, L. and {Pele}, A. and
         {Penn}, S. and {Perreca}, A. and {Perri}, L.~M. and {Phelps}, M. and
         {Piccinni}, O.~J. and {Pichot}, M. and {Piergiovanni}, F. and
         {Pierro}, V. and {Pillant}, G. and {Pinard}, L. and {Pinto}, I.~M. and
         {Pitkin}, M. and {Poe}, M. and {Poggiani}, R. and {Popolizio}, P. and
         {Post}, A. and {Powell}, J. and {Prasad}, J. and {Predoi}, V. and
         {Prestegard}, T. and {Price}, L.~R. and {Prijatelj}, M. and
         {Principe}, M. and {Privitera}, S. and {Prix}, R. and {Prodi}, G.~A. and
         {Prokhorov}, L. and {Puncken}, O. and {Punturo}, M. and {Puppo}, P. and
         {P{\"u}rrer}, M. and {Qi}, H. and {Qin}, J. and {Qiu}, S. and
         {Quetschke}, V. and {Quintero}, E.~A. and {Quitzow-James}, R. and
         {Raab}, F.~J. and {Rabeling}, D.~S. and {Radkins}, H. and {Raffai}, P. and
         {Raja}, S. and {Rajan}, C. and {Rakhmanov}, M. and {Rapagnani}, P. and
         {Raymond}, V. and {Razzano}, M. and {Re}, V. and {Read}, J. and
         {Reed}, C.~M. and {Regimbau}, T. and {Rei}, L. and {Reid}, S. and
         {Reitze}, D.~H. and {Rew}, H. and {Reyes}, S.~D. and {Ricci}, F. and
         {Riles}, K. and {Rizzo}, M. and {Robertson}, N.~A. and {Robie}, R. and
         {Robinet}, F. and {Rocchi}, A. and {Rolland}, L. and {Rollins}, J.~G. and
         {Roma}, V.~J. and {Romano}, R. and {Romanov}, G. and {Romie}, J.~H. and
         {Rosi{\'n}ska}, D. and {Rowan}, S. and {R{\"u}diger}, A. and
         {Ruggi}, P. and {Ryan}, K. and {Sachdev}, S. and {Sadecki}, T. and
         {Sadeghian}, L. and {Sakellariadou}, M. and {Salconi}, L. and
         {Saleem}, M. and {Salemi}, F. and {Samajdar}, A. and {Sammut}, L. and
         {Sanchez}, E.~J. and {Sandberg}, V. and {Sandeen}, B. and {Sand
        ers}, J.~R. and {Sassolas}, B. and {Sathyaprakash}, B.~S. and
         {Saulson}, P.~R. and {Sauter}, O.~E.~S. and {Savage}, R.~L. and
         {Sawadsky}, A. and {Schale}, P. and {Schilling}, R. and {Schmidt}, J. and
         {Schmidt}, P. and {Schnabel}, R. and {Schofield}, R.~M.~S. and
         {Sch{\"o}nbeck}, A. and {Schreiber}, E. and {Schuette}, D. and
         {Schutz}, B.~F. and {Scott}, J. and {Scott}, S.~M. and {Sellers}, D. and
         {Sengupta}, A.~S. and {Sentenac}, D. and {Sequino}, V. and
         {Sergeev}, A. and {Setyawati}, Y. and {Shaddock}, D.~A. and
         {Shaffer}, T. and {Shahriar}, M.~S. and {Shaltev}, M. and
         {Shapiro}, B. and {Shawhan}, P. and {Sheperd}, A. and
         {Shoemaker}, D.~H. and {Shoemaker}, D.~M. and {Siellez}, K. and
         {Siemens}, X. and {Sieniawska}, M. and {Sigg}, D. and {Silva}, A.~D. and
         {Singer}, A. and {Singer}, L.~P. and {Singh}, A. and {Singh}, R. and
         {Singhal}, A. and {Sintes}, A.~M. and {Slagmolen}, B.~J.~J. and
         {Smith}, J.~R. and {Smith}, N.~D. and {Smith}, R.~J.~E. and
         {Son}, E.~J. and {Sorazu}, B. and {Sorrentino}, F. and {Souradeep}, T. and
         {Srivastava}, A.~K. and {Staley}, A. and {Steinke}, M. and
         {Steinlechner}, J. and {Steinlechner}, S. and {Steinmeyer}, D. and
         {Stephens}, B.~C. and {Stone}, R. and {Strain}, K.~A. and
         {Straniero}, N. and {Stratta}, G. and {Strauss}, N.~A. and
         {Strigin}, S. and {Sturani}, R. and {Stuver}, A.~L. and
         {Summerscales}, T.~Z. and {Sun}, L. and {Sunil}, S. and
         {Sutton}, P.~J. and {Swinkels}, B.~L. and {Szczepa{\'n}czyk}, M.~J. and
         {Tacca}, M. and {Talukder}, D. and {Tanner}, D.~B. and {T{\'a}pai}, M. and
         {Tarabrin}, S.~P. and {Taracchini}, A. and {Taylor}, R. and
         {Theeg}, T. and {Thirugnanasambandam}, M.~P. and {Thomas}, E.~G. and
         {Thomas}, M. and {Thomas}, P. and {Thorne}, K.~A. and {Thrane}, E. and
         {Tiwari}, S. and {Tiwari}, V. and {Tokmakov}, K.~V. and {Toland}, K. and
         {Tomlinson}, C. and {Tonelli}, M. and {Tornasi}, Z. and
         {Torres}, C.~V. and {Torrie}, C.~I. and {T{\"o}yr{\"a}}, D. and
         {Travasso}, F. and {Traylor}, G. and {Trifir{\`o}}, D. and
         {Tringali}, M.~C. and {Trozzo}, L. and {Tse}, M. and {Turconi}, M. and
         {Tuyenbayev}, D. and {Ugolini}, D. and {Unnikrishnan}, C.~S. and
         {Urban}, A.~L. and {Usman}, S.~A. and {Vahlbruch}, H. and
         {Vajente}, G. and {Valdes}, G. and {van Bakel}, N. and
         {van Beuzekom}, M. and {van den Brand}, J.~F.~J. and
         {Van Den Broeck}, C. and {Vander-Hyde}, D.~C. and {van der Schaaf}, L. and
         {van Heijningen}, J.~V. and {van Veggel}, A.~A. and {Vardaro}, M. and
         {Vass}, S. and {Vas{\'u}th}, M. and {Vaulin}, R. and {Vecchio}, A. and
         {Vedovato}, G. and {Veitch}, J. and {Veitch}, P.~J. and
         {Venkateswara}, K. and {Verkindt}, D. and {Vetrano}, F. and
         {Vicer{\'e}}, A. and {Vinciguerra}, S. and {Vine}, D.~J. and
         {Vinet}, J. -Y. and {Vitale}, S. and {Vo}, T. and {Vocca}, H. and
         {Vorvick}, C. and {Voss}, D.~V. and {Vousden}, W.~D. and
         {Vyatchanin}, S.~P. and {Wade}, A.~R. and {Wade}, L.~E. and {Wade}, M. and
         {Walker}, M. and {Wallace}, L. and {Walsh}, S. and {Wang}, G. and
         {Wang}, H. and {Wang}, M. and {Wang}, X. and {Wang}, Y. and
         {Ward}, R.~L. and {Warner}, J. and {Was}, M. and {Weaver}, B. and
         {Wei}, L. -W. and {Weinert}, M. and {Weinstein}, A.~J. and {Weiss}, R. and
         {Wen}, L. and {We{\ss}els}, P. and {Westphal}, T. and {Wette}, K. and
         {Whelan}, J.~T. and {Whiting}, B.~F. and {Williams}, R.~D. and
         {Williamson}, A.~R. and {Willis}, J.~L. and {Willke}, B. and
         {Wimmer}, M.~H. and {Winkler}, W. and {Wipf}, C.~C. and {Wittel}, H. and
         {Woan}, G. and {Woehler}, J. and {Worden}, J. and {Wright}, J.~L. and
         {Wu}, D.~S. and {Wu}, G. and {Yablon}, J. and {Yam}, W. and
         {Yamamoto}, H. and {Yancey}, C.~C. and {Yu}, H. and {Yvert}, M. and
         {Zadro{\.z}ny}, A. and {Zangrando}, L. and {Zanolin}, M. and
         {Zendri}, J. -P. and {Zevin}, M. and {Zhang}, L. and {Zhang}, M. and
         {Zhang}, Y. and {Zhao}, C. and {Zhou}, M. and {Zhou}, Z. and
         {Zhu}, X.~J. and {Zucker}, M.~E. and {Zuraw}, S.~E. and {Zweizig}, J. and
         {LIGO Scientific Collaboration} and {Virgo Collaboration}},
        title = "{Upper Limits on the Rates of Binary Neutron Star and Neutron Star-Black Hole Mergers from Advanced LIGO{\textquoteright}s First Observing Run}",
      journal = {\apjl},
     keywords = {binaries: general, gamma-ray burst: general, gravitational waves, stars: black holes, stars: neutron, Astrophysics - High Energy Astrophysical Phenomena, Astrophysics - Cosmology and Nongalactic Astrophysics, General Relativity and Quantum Cosmology},
         year = "2016",
        month = "Dec",
       volume = {832},
       number = {2},
          eid = {L21},
        pages = {L21},
          doi = {10.3847/2041-8205/832/2/L21},
archivePrefix = {arXiv},
       eprint = {1607.07456},
 primaryClass = {astro-ph.HE},
       adsurl = {https://ui.adsabs.harvard.edu/abs/2016ApJ...832L..21A},
      adsnote = {Provided by the SAO/NASA Astrophysics Data System}
}

@ARTICLE{ozel2006,
       author = {{{\"O}zel}, F.},
        title = "{Soft equations of state for neutron-star matter ruled out by EXO 0748 - 676}",
      journal = {\nat},
     keywords = {Astrophysics},
         year = "2006",
        month = "Jun",
       volume = {441},
       number = {7097},
        pages = {1115-1117},
          doi = {10.1038/nature04858},
archivePrefix = {arXiv},
       eprint = {astro-ph/0605106},
 primaryClass = {astro-ph},
       adsurl = {https://ui.adsabs.harvard.edu/abs/2006Natur.441.1115O},
      adsnote = {Provided by the SAO/NASA Astrophysics Data System}
}

@ARTICLE{galloway2003,
       author = {{Galloway}, Duncan K. and {Psaltis}, Dimitrios and
         {Chakrabarty}, Deepto and {Muno}, Michael P.},
        title = "{Eddington-limited X-Ray Bursts as Distance Indicators. I. Systematic Trends and Spherical Symmetry in Bursts from 4U 1728-34}",
      journal = {\apj},
     keywords = {Equation of State, Nuclear Reactions, Nucleosynthesis, Abundances, Stars: Individual: Alphanumeric: 4U 1728-34, Stars: Neutron, X-Rays: Bursts, X-Rays: Individual: Alphanumeric: 4U 1728-34, Astrophysics},
         year = "2003",
        month = "Jun",
       volume = {590},
       number = {2},
        pages = {999-1007},
          doi = {10.1086/375049},
archivePrefix = {arXiv},
       eprint = {astro-ph/0208464},
 primaryClass = {astro-ph},
       adsurl = {https://ui.adsabs.harvard.edu/abs/2003ApJ...590..999G},
      adsnote = {Provided by the SAO/NASA Astrophysics Data System}
}

@ARTICLE{strohmayer1997,
       author = {{Strohmayer}, Tod E. and {Zhang}, William and {Swank}, Jean H.},
        title = "{363 HZ Oscillations during the Rising Phase of Bursts from 4U 1728-34: Evidence for Rotational Modulation}",
      journal = {\apjl},
     keywords = {X-RAYS: BURSTS, STARS: NEUTRON, STARS: ROTATION, Stars: Neutron, Stars: Rotation, X-Rays: Bursts},
         year = "1997",
        month = "Sep",
       volume = {487},
       number = {1},
        pages = {L77-L80},
          doi = {10.1086/310880},
       adsurl = {https://ui.adsabs.harvard.edu/abs/1997ApJ...487L..77S},
      adsnote = {Provided by the SAO/NASA Astrophysics Data System}
}

@ARTICLE{damen1990,
       author = {{Damen}, E. and {Magnier}, E. and {Lewin}, W.~H.~G. and {Tan}, J. and
         {Penninx}, W. and {van Paradijs}, J.},
        title = "{X-ray bursts with photospheric radius expansion and the gravitational redshift of neutron stars.}",
      journal = {\aap},
     keywords = {Gravitational Effects, Neutron Stars, Red Shift, Stellar Spectra, X Ray Astronomy, Bursts, Stellar Mass, Stellar Structure, Astrophysics},
         year = "1990",
        month = "Oct",
       volume = {237},
        pages = {103},
       adsurl = {https://ui.adsabs.harvard.edu/abs/1990A&A...237..103D},
      adsnote = {Provided by the SAO/NASA Astrophysics Data System}
}


@INPROCEEDINGS{cottam2002,
       author = {{Cottam}, J. and {Paerels}, F. and {Mendez}, M.},
        title = "{Gravitationally Redshifted Absorption Lines in the Burst Spectra of the Neutron Star in EXO 0748-676}",
    booktitle = {High Resolution X-ray Spectroscopy with XMM-Newton and Chandra},
         year = "2002",
       editor = {{Branduardi-Raymont}, G.},
        month = "Dec",
          eid = {10},
        pages = {10},
       adsurl = {https://ui.adsabs.harvard.edu/abs/2002hrxs.confE..10C},
      adsnote = {Provided by the SAO/NASA Astrophysics Data System}
}

@ARTICLE{wolff2005,
       author = {{Wolff}, Michael T. and {Becker}, Peter A. and {Ray}, Paul S. and
         {Wood}, Kent S.},
        title = "{A Strong X-Ray Burst from the Low-Mass X-Ray Binary EXO 0748-676}",
      journal = {\apj},
     keywords = {Stars: Distances, Stars: Individual: Alphanumeric: EXO 0748-676, X-Rays: Binaries, X-Rays: Bursts, Astrophysics},
         year = "2005",
        month = "Oct",
       volume = {632},
       number = {2},
        pages = {1099-1103},
          doi = {10.1086/444348},
archivePrefix = {arXiv},
       eprint = {astro-ph/0506515},
 primaryClass = {astro-ph},
       adsurl = {https://ui.adsabs.harvard.edu/abs/2005ApJ...632.1099W},
      adsnote = {Provided by the SAO/NASA Astrophysics Data System}
}

@ARTICLE{fletcher1946,
       author = {{Fletcher}, A.},
        title = "{The number of galaxies per unit volume}",
      journal = {\mnras},
         year = "1946",
        month = "Jan",
       volume = {106},
        pages = {121},
          doi = {10.1093/mnras/106.2.121},
       adsurl = {https://ui.adsabs.harvard.edu/abs/1946MNRAS.106..121F},
      adsnote = {Provided by the SAO/NASA Astrophysics Data System}
}

@ARTICLE{meier1982,
       author = {{Meier}, D.~L.},
        title = "{The structure and appearance of winds from supercritical accretion disks. II - Dynamical theory of supercritical winds}",
      journal = {\apj},
     keywords = {Eddington Approximation, Stellar Luminosity, Stellar Mass Accretion, Stellar Winds, Adiabatic Conditions, Binary Stars, Electron Scattering, Neutron Stars, Optical Thickness, Quasars, Radiation Pressure, Radii, Stellar Spectra, Supercritical Flow, X Ray Sources, Astrophysics},
         year = "1982",
        month = "May",
       volume = {256},
        pages = {681-692},
          doi = {10.1086/159942},
       adsurl = {https://ui.adsabs.harvard.edu/abs/1982ApJ...256..681M},
      adsnote = {Provided by the SAO/NASA Astrophysics Data System}
}

@ARTICLE{zand2010,
       author = {{in't Zand}, J.~J.~M. and {Weinberg}, N.~N.},
        title = "{Evidence of heavy-element ashes in thermonuclear X-ray bursts with photospheric superexpansion}",
      journal = {\aap},
     keywords = {X-rays: binaries, nuclear reactions, nucleosynthesis, abundances, stars: neutron, radiative transfer, X-rays: general, Astrophysics - High Energy Astrophysical Phenomena},
         year = 2010,
        month = sep,
       volume = {520},
          eid = {A81},
        pages = {A81},
          doi = {10.1051/0004-6361/200913952},
archivePrefix = {arXiv},
       eprint = {1001.0900},
 primaryClass = {astro-ph.HE},
       adsurl = {https://ui.adsabs.harvard.edu/abs/2010A&A...520A..81I},
      adsnote = {Provided by the SAO/NASA Astrophysics Data System}
}

@ARTICLE{paczynski1983,
       author = {{Paczynski}, B.},
        title = "{Models of X-ray bursters with radius expansion}",
      journal = {\apj},
     keywords = {Neutron Stars, Stellar Envelopes, Stellar Evolution, Stellar Models, Thermonuclear Reactions, X Ray Sources, Bursts, Electron Scattering, Gas Expansion, Helium Plasma, Stellar Luminosity, Stellar Mass Accretion, Stellar Temperature, Astrophysics},
         year = 1983,
        month = apr,
       volume = {267},
        pages = {315-321},
          doi = {10.1086/160870},
       adsurl = {https://ui.adsabs.harvard.edu/abs/1983ApJ...267..315P},
      adsnote = {Provided by the SAO/NASA Astrophysics Data System}
}


@ARTICLE{yu2018,
       author = {{Yu}, Hang and {Weinberg}, Nevin N.},
        title = "{Super-Eddington Winds from Type I X-Ray Bursts}",
      journal = {\apj},
     keywords = {stars: neutron, stars: winds, outflows, X-rays: bursts, Astrophysics - High Energy Astrophysical Phenomena},
         year = 2018,
        month = aug,
       volume = {863},
       number = {1},
          eid = {53},
        pages = {53},
          doi = {10.3847/1538-4357/aad045},
archivePrefix = {arXiv},
       eprint = {1806.00164},
 primaryClass = {astro-ph.HE},
       adsurl = {https://ui.adsabs.harvard.edu/abs/2018ApJ...863...53Y},
      adsnote = {Provided by the SAO/NASA Astrophysics Data System}
}

@ARTICLE{stone2020,
       author = {{Stone}, James M. and {Tomida}, Kengo and {White}, Christopher J. and
         {Felker}, Kyle G.},
        title = "{The Athena++ Adaptive Mesh Refinement Framework: Design and Magnetohydrodynamic Solvers}",
      journal = {arXiv e-prints},
     keywords = {Physics - Computational Physics, Astrophysics - Instrumentation and Methods for Astrophysics},
         year = 2020,
        month = may,
          eid = {arXiv:2005.06651},
        pages = {arXiv:2005.06651},
archivePrefix = {arXiv},
       eprint = {2005.06651},
 primaryClass = {physics.comp-ph},
       adsurl = {https://ui.adsabs.harvard.edu/abs/2020arXiv200506651S},
      adsnote = {Provided by the SAO/NASA Astrophysics Data System}
}

@ARTICLE{vidal-madjar2003,
       author = {{Vidal-Madjar}, A. and {Lecavelier des Etangs}, A. and
         {D{\'e}sert}, J. -M. and {Ballester}, G.~E. and {Ferlet}, R. and
         {H{\'e}brard}, G. and {Mayor}, M.},
        title = "{An extended upper atmosphere around the extrasolar planet HD209458b}",
      journal = {\nat},
         year = 2003,
        month = mar,
       volume = {422},
       number = {6928},
        pages = {143-146},
          doi = {10.1038/nature01448},
       adsurl = {https://ui.adsabs.harvard.edu/abs/2003Natur.422..143V},
      adsnote = {Provided by the SAO/NASA Astrophysics Data System}
}

@ARTICLE{ehrenreich2015,
       author = {{Ehrenreich}, David and {Bourrier}, Vincent and {Wheatley}, Peter J. and
         {Lecavelier des Etangs}, Alain and {H{\'e}brard}, Guillaume and
         {Udry}, St{\'e}phane and {Bonfils}, Xavier and {Delfosse}, Xavier and
         {D{\'e}sert}, Jean-Michel and {Sing}, David K. and
         {Vidal-Madjar}, Alfred},
        title = "{A giant comet-like cloud of hydrogen escaping the warm Neptune-mass exoplanet GJ 436b}",
      journal = {\nat},
     keywords = {Astrophysics - Earth and Planetary Astrophysics},
         year = 2015,
        month = jun,
       volume = {522},
       number = {7557},
        pages = {459-461},
          doi = {10.1038/nature14501},
archivePrefix = {arXiv},
       eprint = {1506.07541},
 primaryClass = {astro-ph.EP},
       adsurl = {https://ui.adsabs.harvard.edu/abs/2015Natur.522..459E},
      adsnote = {Provided by the SAO/NASA Astrophysics Data System}
}

@ARTICLE{dijkstra2017,
       author = {{Dijkstra}, Mark},
        title = "{Saas-Fee Lecture Notes: Physics of Lyman Alpha Radiative Transfer}",
      journal = {arXiv e-prints},
     keywords = {Astrophysics - Astrophysics of Galaxies, Astrophysics - Cosmology and Nongalactic Astrophysics},
         year = 2017,
        month = apr,
          eid = {arXiv:1704.03416},
        pages = {arXiv:1704.03416},
archivePrefix = {arXiv},
       eprint = {1704.03416},
 primaryClass = {astro-ph.GA},
       adsurl = {https://ui.adsabs.harvard.edu/abs/2017arXiv170403416D},
      adsnote = {Provided by the SAO/NASA Astrophysics Data System}
}

@ARTICLE{hummer1962,
       author = {{Hummer}, D.~G.},
        title = "{Non-coherent scattering: I. The redistribution function with Doppler broadening}",
      journal = {\mnras},
         year = 1962,
        month = jan,
       volume = {125},
        pages = {21-37},
          doi = {10.1093/mnras/125.1.21},
       adsurl = {https://ui.adsabs.harvard.edu/abs/1962MNRAS.125...21H},
      adsnote = {Provided by the SAO/NASA Astrophysics Data System}
}

@ARTICLE{harrington1973,
       author = {{Harrington}, J. Patrick},
        title = "{The scattering of resonance-line radiation in the limit of large optical depth}",
      journal = {\mnras},
         year = 1973,
        month = jan,
       volume = {162},
        pages = {43},
          doi = {10.1093/mnras/162.1.43},
       adsurl = {https://ui.adsabs.harvard.edu/abs/1973MNRAS.162...43H},
      adsnote = {Provided by the SAO/NASA Astrophysics Data System}
}

@ARTICLE{neufeld1990,
       author = {{Neufeld}, David A.},
        title = "{The Transfer of Resonance-Line Radiation in Static Astrophysical Media}",
      journal = {\apj},
     keywords = {Hydrogen Atoms, Interstellar Gas, Radiative Transfer, Resonance Lines, Computational Astrophysics, Partial Differential Equations, Statics, Astrophysics, INTERSTELLAR: MATTER, LINE FORMATION, RADIATIVE TRANSFER},
         year = 1990,
        month = feb,
       volume = {350},
        pages = {216},
          doi = {10.1086/168375},
       adsurl = {https://ui.adsabs.harvard.edu/abs/1990ApJ...350..216N},
      adsnote = {Provided by the SAO/NASA Astrophysics Data System}
}

@book {ADictionaryofAstronomy,
      author = "Ian Ridpath",
      title = "A Dictionary of Astronomy",
      year = "2012",
      publisher = "Oxford University Press",
      isbn = "9780199609055",
      pages = "",
      url = "https://www.oxfordreference.com/view/10.1093/acref/9780199609055.001.0001/acref-9780199609055"
}

@ARTICLE{dai2018,
       author = {{Dai}, Lixin and {McKinney}, Jonathan C. and {Roth}, Nathaniel and
         {Ramirez-Ruiz}, Enrico and {Miller}, M. Coleman},
        title = "{A Unified Model for Tidal Disruption Events}",
      journal = {\apjl},
     keywords = {accretion, accretion disks, black hole physics, magnetohydrodynamics: MHD, quasars: supermassive black holes, radiative transfer, Astrophysics - High Energy Astrophysical Phenomena},
         year = 2018,
        month = jun,
       volume = {859},
       number = {2},
          eid = {L20},
        pages = {L20},
          doi = {10.3847/2041-8213/aab429},
archivePrefix = {arXiv},
       eprint = {1803.03265},
 primaryClass = {astro-ph.HE},
       adsurl = {https://ui.adsabs.harvard.edu/abs/2018ApJ...859L..20D},
      adsnote = {Provided by the SAO/NASA Astrophysics Data System}
}



@ARTICLE{sample2020,
       author = {{Sample}},
        title = "{Sample paper title}",
         year = 2020,
        month = apr,
}

@ARTICLE{1971JQSRT..11.1365A,
       author = {{Adams}, T.~F. and {Hummer}, D.~G. and {Rybicki}, G.~B.},
        title = "{Numerical evaluation of the redistribution function R$_{II-A}$(x, x{\"y}) and of the associated scattering integral.}",
      journal = {\jqsrt},
         year = 1971,
        month = jan,
       volume = {11},
       number = {9},
        pages = {1365-1376},
          doi = {10.1016/0022-4073(71)90005-7},
       adsurl = {https://ui.adsabs.harvard.edu/abs/1971JQSRT..11.1365A},
      adsnote = {Provided by the SAO/NASA Astrophysics Data System}
}

@ARTICLE{2006ApJ...649...14D,
       author = {{Dijkstra}, Mark and {Haiman}, Zolt{\'a}n and {Spaans}, Marco},
        title = "{Ly{\ensuremath{\alpha}} Radiation from Collapsing Protogalaxies. I. Characteristics of the Emergent Spectrum}",
      journal = {\apj},
     keywords = {Cosmology: Theory, Galaxies: Formation, Galaxies: Halos, Galaxies: Intergalactic Medium, Galaxies: Quasars: General, Radiative Transfer, Astrophysics},
         year = 2006,
        month = sep,
       volume = {649},
       number = {1},
        pages = {14-36},
          doi = {10.1086/506243},
archivePrefix = {arXiv},
       eprint = {astro-ph/0510407},
 primaryClass = {astro-ph},
       adsurl = {https://ui.adsabs.harvard.edu/abs/2006ApJ...649...14D},
      adsnote = {Provided by the SAO/NASA Astrophysics Data System}
}

@ARTICLE{1972ApJ...174..439A,
       author = {{Adams}, Thomas F.},
        title = "{The Escape of Resonance-Line Radiation from Extremely Opaque Media}",
      journal = {\apj},
         year = 1972,
        month = jun,
       volume = {174},
        pages = {439},
          doi = {10.1086/151503},
       adsurl = {https://ui.adsabs.harvard.edu/abs/1972ApJ...174..439A},
      adsnote = {Provided by the SAO/NASA Astrophysics Data System}
}

@ARTICLE{2017ApJ...851..150H,
       author = {{Huang}, Chenliang and {Arras}, Phil and {Christie}, Duncan and {Li}, Zhi-Yun},
        title = "{A Model of the H{\ensuremath{\alpha}} and Na Transmission Spectrum of HD 189733b}",
      journal = {\apj},
     keywords = {line: formation, planets and satellites: atmospheres, planets and satellites: individual: HD 189733b, radiative transfer, Astrophysics - Earth and Planetary Astrophysics},
         year = 2017,
        month = dec,
       volume = {851},
       number = {2},
          eid = {150},
        pages = {150},
          doi = {10.3847/1538-4357/aa9b32},
archivePrefix = {arXiv},
       eprint = {1711.05428},
 primaryClass = {astro-ph.EP},
       adsurl = {https://ui.adsabs.harvard.edu/abs/2017ApJ...851..150H},
      adsnote = {Provided by the SAO/NASA Astrophysics Data System}
}

@BOOK{1950ratr.book.....C,
       author = {{Chandrasekhar}, Subrahmanyan},
        title = "{Radiative transfer.}",
         year = 1950,
       adsurl = {https://ui.adsabs.harvard.edu/abs/1950ratr.book.....C},
      adsnote = {Provided by the SAO/NASA Astrophysics Data System}
}



@ARTICLE{2012A&A...543L...4L,
       author = {{Lecavelier des Etangs}, A. and {Bourrier}, V. and {Wheatley}, P.~J. and
         {Dupuy}, H. and {Ehrenreich}, D. and {Vidal-Madjar}, A. and
         {H{\'e}brard}, G. and {Ballester}, G.~E. and {D{\'e}sert}, J. -M. and
         {Ferlet}, R. and {Sing}, D.~K.},
        title = "{Temporal variations in the evaporating atmosphere of the exoplanet HD 189733b}",
      journal = {\aap},
     keywords = {planetary systems, stars: individual: HD 189733, techniques: spectroscopic, planets and satellites: atmospheres, stars: flare, Astrophysics - Earth and Planetary Astrophysics},
         year = 2012,
        month = jul,
       volume = {543},
          eid = {L4},
        pages = {L4},
          doi = {10.1051/0004-6361/201219363},
archivePrefix = {arXiv},
       eprint = {1206.6274},
 primaryClass = {astro-ph.EP},
       adsurl = {https://ui.adsabs.harvard.edu/abs/2012A&A...543L...4L},
      adsnote = {Provided by the SAO/NASA Astrophysics Data System}
}


@ARTICLE{2021ApJ...907L..36M,
       author = {{Mu{\~n}oz}, A. Garc{\'\i}a and {Fossati}, L. and {Youngblood}, A. and {Nettelmann}, N. and {Gandolfi}, D. and {Cabrera}, J. and {Rauer}, H.},
        title = "{A Heavy Molecular Weight Atmosphere for the Super-Earth {\ensuremath{\pi}} Men c}",
      journal = {\apjl},
     keywords = {Exoplanet atmospheres, Exoplanet structure, 487, 495},
         year = 2021,
        month = feb,
       volume = {907},
       number = {2},
          eid = {L36},
        pages = {L36},
          doi = {10.3847/2041-8213/abd9b8},
       adsurl = {https://ui.adsabs.harvard.edu/abs/2021ApJ...907L..36M},
      adsnote = {Provided by the SAO/NASA Astrophysics Data System}
}

@ARTICLE{2015MNRAS.449.4336S,
       author = {{Smith}, Aaron and {Safranek-Shrader}, Chalence and {Bromm}, Volker and
         {Milosavljevi{\'c}}, Milo{\v{s}}},
        title = "{The Lyman {\ensuremath{\alpha}} signature of the first galaxies}",
      journal = {\mnras},
     keywords = {line: profiles, radiative transfer, galaxies: formation, galaxies: high-redshift, cosmology: theory, Astrophysics - Cosmology and Nongalactic Astrophysics},
         year = 2015,
        month = jun,
       volume = {449},
       number = {4},
        pages = {4336-4362},
          doi = {10.1093/mnras/stv565},
archivePrefix = {arXiv},
       eprint = {1409.4480},
 primaryClass = {astro-ph.CO},
       adsurl = {https://ui.adsabs.harvard.edu/abs/2015MNRAS.449.4336S},
      adsnote = {Provided by the SAO/NASA Astrophysics Data System}
}


@ARTICLE{2002ApJ...567..922A,
       author = {{Ahn}, Sang-Hyeon and {Lee}, Hee-Won and {Lee}, Hyung Mok},
        title = "{Ly{\ensuremath{\alpha}} Line Formation in Starbursting Galaxies. II. Extremely Thick, Dustless, and Static H I Media}",
      journal = {\apj},
     keywords = {Galaxies: Starburst, Galaxy: Formation, Line: Formation, Radiative Transfer, Astrophysics},
         year = 2002,
        month = mar,
       volume = {567},
       number = {2},
        pages = {922-930},
          doi = {10.1086/338497},
archivePrefix = {arXiv},
       eprint = {astro-ph/0111013},
 primaryClass = {astro-ph},
       adsurl = {https://ui.adsabs.harvard.edu/abs/2002ApJ...567..922A},
      adsnote = {Provided by the SAO/NASA Astrophysics Data System}
}


@ARTICLE{2006ApJ...649...14D,
       author = {{Dijkstra}, Mark and {Haiman}, Zolt{\'a}n and {Spaans}, Marco},
        title = "{Ly{\ensuremath{\alpha}} Radiation from Collapsing Protogalaxies. I. Characteristics of the Emergent Spectrum}",
      journal = {\apj},
     keywords = {Cosmology: Theory, Galaxies: Formation, Galaxies: Halos, Galaxies: Intergalactic Medium, Galaxies: Quasars: General, Radiative Transfer, Astrophysics},
         year = 2006,
        month = sep,
       volume = {649},
       number = {1},
        pages = {14-36},
          doi = {10.1086/506243},
archivePrefix = {arXiv},
       eprint = {astro-ph/0510407},
 primaryClass = {astro-ph},
       adsurl = {https://ui.adsabs.harvard.edu/abs/2006ApJ...649...14D},
      adsnote = {Provided by the SAO/NASA Astrophysics Data System}
}


@ARTICLE{1994ApJ...427..603R,
       author = {{Rybicki}, George B. and {dell'Antonio}, Ian P.},
        title = "{The Time Development of a Resonance Line in the Expanding Universe}",
      journal = {\apj},
     keywords = {Astronomical Models, Expansion, Fokker-Planck Equation, Hydrogen Recombinations, Lyman Alpha Radiation, Numerical Analysis, Radiative Recombination, Relaxation Time, Resonance Lines, Universe, Coherent Scattering, Cosmology, Diffusion Theory, Inflating, Astrophysics, COSMOLOGY: THEORY, LINE: FORMATION, Astrophysics},
         year = 1994,
        month = jun,
       volume = {427},
        pages = {603},
          doi = {10.1086/174170},
archivePrefix = {arXiv},
       eprint = {astro-ph/9312006},
 primaryClass = {astro-ph},
       adsurl = {https://ui.adsabs.harvard.edu/abs/1994ApJ...427..603R},
      adsnote = {Provided by the SAO/NASA Astrophysics Data System}
}


@ARTICLE{2020arXiv200509692L,
       author = {{Lao}, Bing-Xin and {Smith}, Aaron},
        title = "{Resonant-line radiative transfer within power-law density profiles}",
      journal = {arXiv e-prints},
     keywords = {Astrophysics - Astrophysics of Galaxies, Astrophysics - Cosmology and Nongalactic Astrophysics},
         year = 2020,
        month = may,
          eid = {arXiv:2005.09692},
        pages = {arXiv:2005.09692},
archivePrefix = {arXiv},
       eprint = {2005.09692},
 primaryClass = {astro-ph.GA},
       adsurl = {https://ui.adsabs.harvard.edu/abs/2020arXiv200509692L},
      adsnote = {Provided by the SAO/NASA Astrophysics Data System}
}


@BOOK{1982qe,
       author = {{Berestetskii}, V.~B. and {Lifshitz}, E.~M. and {Pitaevskii}, V.~B.},
       title = "{Quantum Electrodynamics, 2nd ed.}",
       year = 1982,
       publisher = {Butterworth-Heinemann Press},

}

@ARTICLE{1962MNRAS.125...21H,
       author = {{Hummer}, D.~G.},
        title = "{Non-coherent scattering: I. The redistribution function with Doppler broadening}",
      journal = {\mnras},
         year = 1962,
        month = jan,
       volume = {125},
        pages = {21-37},
          doi = {10.1093/mnras/125.1.21},
       adsurl = {https://ui.adsabs.harvard.edu/abs/1962MNRAS.125...21H},
      adsnote = {Provided by the SAO/NASA Astrophysics Data System}
}


@BOOK{1986rpa..book.....R,
       author = {{Rybicki}, George B. and {Lightman}, Alan P.},
        title = "{Radiative Processes in Astrophysics}",
         year = 1986,
       adsurl = {https://ui.adsabs.harvard.edu/abs/1986rpa..book.....R},
      adsnote = {Provided by the SAO/NASA Astrophysics Data System}
}


@ARTICLE{1973MNRAS.162...43H,
       author = {{Harrington}, J. Patrick},
        title = "{The scattering of resonance-line radiation in the limit of large optical depth}",
      journal = {\mnras},
         year = 1973,
        month = jan,
       volume = {162},
        pages = {43},
          doi = {10.1093/mnras/162.1.43},
       adsurl = {https://ui.adsabs.harvard.edu/abs/1973MNRAS.162...43H},
      adsnote = {Provided by the SAO/NASA Astrophysics Data System}
}


@ARTICLE{1974MNRAS.166..373H,
       author = {{Harrington}, J. Patrick},
        title = "{The scattering of resonance-line radiation in the limit of large optical depth-11. Reflection and transmission of radiation incident upon a slab}",
      journal = {\mnras},
         year = 1974,
        month = feb,
       volume = {166},
        pages = {373-382},
          doi = {10.1093/mnras/166.2.373},
       adsurl = {https://ui.adsabs.harvard.edu/abs/1974MNRAS.166..373H},
      adsnote = {Provided by the SAO/NASA Astrophysics Data System}
}


@ARTICLE{1976ApJ...208..286W,
       author = {{Weymann}, R.},
        title = "{Confinement and internal structure of radiatively accelerated quasar clouds.}",
      journal = {\apj},
     keywords = {Acceleration (Physics), Lyman Alpha Radiation, Quasars, Radiative Transfer, Gas Density, Gas Pressure, Hydrogen Clouds, Pressure Distribution, Astrophysics},
         year = 1976,
        month = sep,
       volume = {208},
        pages = {286-291},
          doi = {10.1086/154605},
       adsurl = {https://ui.adsabs.harvard.edu/abs/1976ApJ...208..286W},
      adsnote = {Provided by the SAO/NASA Astrophysics Data System}
}



@ARTICLE{1990ApJ...350..216N,
       author = {{Neufeld}, David A.},
        title = "{The Transfer of Resonance-Line Radiation in Static Astrophysical Media}",
      journal = {\apj},
     keywords = {Hydrogen Atoms, Interstellar Gas, Radiative Transfer, Resonance Lines, Computational Astrophysics, Partial Differential Equations, Statics, Astrophysics, INTERSTELLAR: MATTER, LINE FORMATION, RADIATIVE TRANSFER},
         year = 1990,
        month = feb,
       volume = {350},
        pages = {216},
          doi = {10.1086/168375},
       adsurl = {https://ui.adsabs.harvard.edu/abs/1990ApJ...350..216N},
      adsnote = {Provided by the SAO/NASA Astrophysics Data System}
}



@ARTICLE{2003Natur.422..143V,
       author = {{Vidal-Madjar}, A. and {Lecavelier des Etangs}, A. and
         {D{\'e}sert}, J. -M. and {Ballester}, G.~E. and {Ferlet}, R. and
         {H{\'e}brard}, G. and {Mayor}, M.},
        title = "{An extended upper atmosphere around the extrasolar planet HD209458b}",
      journal = {\nat},
         year = 2003,
        month = mar,
       volume = {422},
       number = {6928},
        pages = {143-146},
          doi = {10.1038/nature01448},
       adsurl = {https://ui.adsabs.harvard.edu/abs/2003Natur.422..143V},
      adsnote = {Provided by the SAO/NASA Astrophysics Data System}
}



@ARTICLE{2012A&A...543L...4L,
       author = {{Lecavelier des Etangs}, A. and {Bourrier}, V. and {Wheatley}, P.~J. and
         {Dupuy}, H. and {Ehrenreich}, D. and {Vidal-Madjar}, A. and
         {H{\'e}brard}, G. and {Ballester}, G.~E. and {D{\'e}sert}, J. -M. and
         {Ferlet}, R. and {Sing}, D.~K.},
        title = "{Temporal variations in the evaporating atmosphere of the exoplanet HD 189733b}",
      journal = {\aap},
     keywords = {planetary systems, stars: individual: HD 189733, techniques: spectroscopic, planets and satellites: atmospheres, stars: flare, Astrophysics - Earth and Planetary Astrophysics},
         year = 2012,
        month = jul,
       volume = {543},
          eid = {L4},
        pages = {L4},
          doi = {10.1051/0004-6361/201219363},
archivePrefix = {arXiv},
       eprint = {1206.6274},
 primaryClass = {astro-ph.EP},
       adsurl = {https://ui.adsabs.harvard.edu/abs/2012A&A...543L...4L},
      adsnote = {Provided by the SAO/NASA Astrophysics Data System}
}





@ARTICLE{2015Natur.522..459E,
       author = {{Ehrenreich}, David and {Bourrier}, Vincent and {Wheatley}, Peter J. and
         {Lecavelier des Etangs}, Alain and {H{\'e}brard}, Guillaume and
         {Udry}, St{\'e}phane and {Bonfils}, Xavier and {Delfosse}, Xavier and
         {D{\'e}sert}, Jean-Michel and {Sing}, David K. and
         {Vidal-Madjar}, Alfred},
        title = "{A giant comet-like cloud of hydrogen escaping the warm Neptune-mass exoplanet GJ 436b}",
      journal = {\nat},
     keywords = {Astrophysics - Earth and Planetary Astrophysics},
         year = 2015,
        month = jun,
       volume = {522},
       number = {7557},
        pages = {459-461},
          doi = {10.1038/nature14501},
archivePrefix = {arXiv},
       eprint = {1506.07541},
 primaryClass = {astro-ph.EP},
       adsurl = {https://ui.adsabs.harvard.edu/abs/2015Natur.522..459E},
      adsnote = {Provided by the SAO/NASA Astrophysics Data System}
}

@ARTICLE{2015A&A...582A..65B,
       author = {{Bourrier}, V. and {Ehrenreich}, D. and {Lecavelier des Etangs}, A.},
        title = "{Radiative braking in the extended exosphere of GJ 436 b}",
      journal = {\aap},
     keywords = {stars: individual: GJ 436, planets and satellites: atmospheres, Astrophysics - Earth and Planetary Astrophysics},
         year = 2015,
        month = oct,
       volume = {582},
          eid = {A65},
        pages = {A65},
          doi = {10.1051/0004-6361/201526894},
archivePrefix = {arXiv},
       eprint = {1508.06634},
 primaryClass = {astro-ph.EP},
       adsurl = {https://ui.adsabs.harvard.edu/abs/2015A&A...582A..65B},
      adsnote = {Provided by the SAO/NASA Astrophysics Data System}
}

@ARTICLE{2016A&A...591A.121B,
       author = {{Bourrier}, V. and {Lecavelier des Etangs}, A. and {Ehrenreich}, D. and
         {Tanaka}, Y.~A. and {Vidotto}, A.~A.},
        title = "{An evaporating planet in the wind: stellar wind interactions with the radiatively braked exosphere of GJ 436 b}",
      journal = {\aap},
     keywords = {stars: individual: GJ 436, planets and satellites: atmospheres, Astrophysics - Earth and Planetary Astrophysics},
         year = 2016,
        month = jun,
       volume = {591},
          eid = {A121},
        pages = {A121},
          doi = {10.1051/0004-6361/201628362},
archivePrefix = {arXiv},
       eprint = {1605.07973},
 primaryClass = {astro-ph.EP},
       adsurl = {https://ui.adsabs.harvard.edu/abs/2016A&A...591A.121B},
      adsnote = {Provided by the SAO/NASA Astrophysics Data System}
}






@ARTICLE{2012A&A...547A..18E,
       author = {{Ehrenreich}, D. and {Bourrier}, V. and {Bonfils}, X. and
         {Lecavelier des Etangs}, A. and {H{\'e}brard}, G. and {Sing}, D.~K. and
         {Wheatley}, P.~J. and {Vidal-Madjar}, A. and {Delfosse}, X. and
         {Udry}, S. and {Forveille}, T. and {Moutou}, C.},
        title = "{Hint of a transiting extended atmosphere on 55 Cancri b}",
      journal = {\aap},
     keywords = {planetary systems, planets and satellites: atmospheres, stars: individual: 55 Cancri, techniques: spectroscopic, Astrophysics - Earth and Planetary Astrophysics, Astrophysics - Solar and Stellar Astrophysics},
         year = 2012,
        month = nov,
       volume = {547},
          eid = {A18},
        pages = {A18},
          doi = {10.1051/0004-6361/201219981},
archivePrefix = {arXiv},
       eprint = {1210.0531},
 primaryClass = {astro-ph.EP},
       adsurl = {https://ui.adsabs.harvard.edu/abs/2012A&A...547A..18E},
      adsnote = {Provided by the SAO/NASA Astrophysics Data System}
}




@ARTICLE{2017A&A...597A..26B,
       author = {{Bourrier}, V. and {Ehrenreich}, D. and {King}, G. and
         {Lecavelier des Etangs}, A. and {Wheatley}, P.~J. and
         {Vidal-Madjar}, A. and {Pepe}, F. and {Udry}, S.},
        title = "{No hydrogen exosphere detected around the super-Earth HD 97658 b}",
      journal = {\aap},
     keywords = {techniques: spectroscopic, planets and satellites: individual: HD 97658 b, stars: individual: HD 97658, Astrophysics - Earth and Planetary Astrophysics},
         year = 2017,
        month = jan,
       volume = {597},
          eid = {A26},
        pages = {A26},
          doi = {10.1051/0004-6361/201629253},
archivePrefix = {arXiv},
       eprint = {1609.04416},
 primaryClass = {astro-ph.EP},
       adsurl = {https://ui.adsabs.harvard.edu/abs/2017A&A...597A..26B},
      adsnote = {Provided by the SAO/NASA Astrophysics Data System}
}



@ARTICLE{2017A&A...599L...3B,
       author = {{Bourrier}, V. and {Ehrenreich}, D. and {Wheatley}, P.~J. and
         {Bolmont}, E. and {Gillon}, M. and {de Wit}, J. and {Burgasser}, A.~J. and
         {Jehin}, E. and {Queloz}, D. and {Triaud}, A.~H.~M.~J.},
        title = "{Reconnaissance of the TRAPPIST-1 exoplanet system in the Lyman-{\ensuremath{\alpha}} line}",
      journal = {\aap},
     keywords = {planetary systems, stars: individual: TRAPPIST-1, techniques: spectroscopic, Astrophysics - Earth and Planetary Astrophysics},
         year = 2017,
        month = mar,
       volume = {599},
          eid = {L3},
        pages = {L3},
          doi = {10.1051/0004-6361/201630238},
archivePrefix = {arXiv},
       eprint = {1702.07004},
 primaryClass = {astro-ph.EP},
       adsurl = {https://ui.adsabs.harvard.edu/abs/2017A&A...599L...3B},
      adsnote = {Provided by the SAO/NASA Astrophysics Data System}
}


@ARTICLE{2020A&A...634L...4D,
       author = {{dos Santos}, Leonardo A. and {Ehrenreich}, David and
         {Bourrier}, Vincent and {Astudillo-Defru}, Nicola and
         {Bonfils}, Xavier and {Forget}, Fran{\c{c}}ois and {Lovis}, Christophe and
         {Pepe}, Francesco and {Udry}, St{\'e}phane},
        title = "{The high-energy environment and atmospheric escape of the mini-Neptune K2-18 b}",
      journal = {\aap},
     keywords = {stars: individual: K2-18, stars: chromospheres, planets and satellites: atmospheres, ISM: kinematics and dynamics, Astrophysics - Earth and Planetary Astrophysics, Astrophysics - Solar and Stellar Astrophysics},
         year = 2020,
        month = feb,
       volume = {634},
          eid = {L4},
        pages = {L4},
          doi = {10.1051/0004-6361/201937327},
archivePrefix = {arXiv},
       eprint = {2001.04532},
 primaryClass = {astro-ph.EP},
       adsurl = {https://ui.adsabs.harvard.edu/abs/2020A&A...634L...4D},
      adsnote = {Provided by the SAO/NASA Astrophysics Data System}
}


@INPROCEEDINGS{2019EPSC...13.1928L,
       author = {{Lavie}, Baptiste and {Bourrier}, Vincent and {Ehrenreich}, David},
        title = "{Lyman alpha observations of the HD 219134 system: deuterium-to-hydrogen ratio of the local ISM and the exosphere of the super-Earth HD 219134b}",
    booktitle = {EPSC-DPS Joint Meeting 2019},
         year = 2019,
       volume = {2019},
        month = sep,
          eid = {EPSC-DPS2019-1928},
        pages = {EPSC-DPS2019-1928},
       adsurl = {https://ui.adsabs.harvard.edu/abs/2019EPSC...13.1928L},
      adsnote = {Provided by the SAO/NASA Astrophysics Data System}
}

@ARTICLE{2019AJ....158...50W,
       author = {{Waalkes}, William C. and {Berta-Thompson}, Zachory and
         {Bourrier}, Vincent and {Newton}, Elisabeth and {Ehrenreich}, David and
         {Kempton}, Eliza M. -R. and {Charbonneau}, David and {Irwin}, Jonathan and
         {Dittmann}, Jason},
        title = "{Ly{\ensuremath{\alpha}} in the GJ 1132 System: Stellar Emission and Planetary Atmospheric Evolution}",
      journal = {\aj},
     keywords = {line: profiles, planets and satellites: atmospheres, planets and satellites: individual: GJ 1132b, stars: activity, stars: low-mass, ultraviolet: planetary systems, Astrophysics - Earth and Planetary Astrophysics, Astrophysics - Solar and Stellar Astrophysics},
         year = 2019,
        month = jul,
       volume = {158},
       number = {1},
          eid = {50},
        pages = {50},
          doi = {10.3847/1538-3881/ab24c2},
archivePrefix = {arXiv},
       eprint = {1906.04274},
 primaryClass = {astro-ph.EP},
       adsurl = {https://ui.adsabs.harvard.edu/abs/2019AJ....158...50W},
      adsnote = {Provided by the SAO/NASA Astrophysics Data System}
}




@ARTICLE{2014ApJ...780...61L,
       author = {{Linsky}, Jeffrey L. and {Fontenla}, Juan and {France}, Kevin},
        title = "{The Intrinsic Extreme Ultraviolet Fluxes of F5 V TO M5 V Stars}",
      journal = {\apj},
     keywords = {planet-star interactions, planets and satellites: atmospheres, stars: chromospheres, stars: low-mass, Sun: UV radiation, ultraviolet: stars, Astrophysics - Solar and Stellar Astrophysics},
         year = 2014,
        month = jan,
       volume = {780},
       number = {1},
          eid = {61},
        pages = {61},
          doi = {10.1088/0004-637X/780/1/61},
archivePrefix = {arXiv},
       eprint = {1310.1360},
 primaryClass = {astro-ph.SR},
       adsurl = {https://ui.adsabs.harvard.edu/abs/2014ApJ...780...61L},
      adsnote = {Provided by the SAO/NASA Astrophysics Data System}
}


@ARTICLE{2013A&A...557A.124B,
       author = {{Bourrier}, V. and {Lecavelier des Etangs}, A.},
        title = "{3D model of hydrogen atmospheric escape from HD 209458b and HD 189733b: radiative blow-out and stellar wind interactions}",
      journal = {\aap},
     keywords = {planets and satellites: atmospheres, stars: individual: HD 209458, stars: individual: HD 189733, methods: numerical, Astrophysics - Earth and Planetary Astrophysics},
         year = 2013,
        month = sep,
       volume = {557},
          eid = {A124},
        pages = {A124},
          doi = {10.1051/0004-6361/201321551},
archivePrefix = {arXiv},
       eprint = {1308.0561},
 primaryClass = {astro-ph.EP},
       adsurl = {https://ui.adsabs.harvard.edu/abs/2013A&A...557A.124B},
      adsnote = {Provided by the SAO/NASA Astrophysics Data System}
}


@ARTICLE{2019ApJ...885...67K,
       author = {{Khodachenko}, M.~L. and {Shaikhislamov}, I.~F. and {Lammer}, H. and
         {Berezutsky}, A.~G. and {Miroshnichenko}, I.~B. and
         {Rumenskikh}, M.~S. and {Kislyakova}, K.~G. and {Dwivedi}, N.~K.},
        title = "{Global 3D Hydrodynamic Modeling of In-transit Ly{\ensuremath{\alpha}} Absorption of GJ 436b}",
      journal = {\apj},
     keywords = {Exoplanet atmospheres, Hydrodynamical simulations, Space plasmas, Exoplanets, Hot Neptunes, Transits, Astrophysics - Earth and Planetary Astrophysics, Astrophysics - Solar and Stellar Astrophysics},
         year = 2019,
        month = nov,
       volume = {885},
       number = {1},
          eid = {67},
        pages = {67},
          doi = {10.3847/1538-4357/ab46a4},
archivePrefix = {arXiv},
       eprint = {1910.10403},
 primaryClass = {astro-ph.EP},
       adsurl = {https://ui.adsabs.harvard.edu/abs/2019ApJ...885...67K},
      adsnote = {Provided by the SAO/NASA Astrophysics Data System}
}


@ARTICLE{2019arXiv190310772O,
       author = {{Odert}, P. and {Erkaev}, N.~V. and {Kislyakova}, K.~G. and
         {Lammer}, H. and {Mezentsev}, A.~V. and {Ivanov}, V.~A. and
         {Fossati}, L. and {Leitzinger}, M. and {Kubyshkina}, D. and
         {Holmstroem}, M.},
        title = "{Modeling the Ly$\alpha$ transit absorption of the hot Jupiter HD 189733b}",
      journal = {arXiv e-prints},
     keywords = {Astrophysics - Earth and Planetary Astrophysics},
         year = 2019,
        month = mar,
          eid = {arXiv:1903.10772},
        pages = {arXiv:1903.10772},
archivePrefix = {arXiv},
       eprint = {1903.10772},
 primaryClass = {astro-ph.EP},
       adsurl = {https://ui.adsabs.harvard.edu/abs/2019arXiv190310772O},
      adsnote = {Provided by the SAO/NASA Astrophysics Data System}
}


@ARTICLE{2016A&A...586A..75S,
       author = {{Salz}, M. and {Czesla}, S. and {Schneider}, P.~C. and
         {Schmitt}, J.~H.~M.~M.},
        title = "{Simulating the escaping atmospheres of hot gas planets in the solar neighborhood}",
      journal = {\aap},
     keywords = {methods: numerical, hydrodynamics, radiation mechanisms: non-thermal, planets and satellites: atmospheres, planets and satellites: dynamical evolution and stability, Astrophysics - Earth and Planetary Astrophysics},
         year = 2016,
        month = feb,
       volume = {586},
          eid = {A75},
        pages = {A75},
          doi = {10.1051/0004-6361/201526109},
archivePrefix = {arXiv},
       eprint = {1511.09341},
 primaryClass = {astro-ph.EP},
       adsurl = {https://ui.adsabs.harvard.edu/abs/2016A&A...586A..75S},
      adsnote = {Provided by the SAO/NASA Astrophysics Data System}
}


@ARTICLE{2016MNRAS.457.1666S,
       author = {{Schneiter}, E.~M. and {Esquivel}, A. and {Villarreal D'Angelo}, C.~S. and
         {Vel{\'a}zquez}, P.~F. and {Raga}, A.~C. and {Costa}, A.},
        title = "{Photoionization of planetary winds: case study HD 209458b}",
      journal = {\mnras},
     keywords = {hydrodynamics, radiation mechanisms: general, methods: numerical, planets and satellites: individual: HD 209458b, Astrophysics - Earth and Planetary Astrophysics},
         year = 2016,
        month = apr,
       volume = {457},
       number = {2},
        pages = {1666-1674},
          doi = {10.1093/mnras/stw076},
archivePrefix = {arXiv},
       eprint = {1601.02058},
 primaryClass = {astro-ph.EP},
       adsurl = {https://ui.adsabs.harvard.edu/abs/2016MNRAS.457.1666S},
      adsnote = {Provided by the SAO/NASA Astrophysics Data System}
}

@ARTICLE{2016ApJ...824..101Y,
       author = {{Youngblood}, Allison and {France}, Kevin and {Loyd}, R.~O. Parke and
         {Linsky}, Jeffrey L. and {Redfield}, Seth and
         {Schneider}, P. Christian and {Wood}, Brian E. and {Brown}, Alexander and
         {Froning}, Cynthia and {Miguel}, Yamila and {Rugheimer}, Sarah and
         {Walkowicz}, Lucianne},
        title = "{The MUSCLES Treasury Survey. II. Intrinsic LY{\ensuremath{\alpha}} and Extreme Ultraviolet Spectra of K and M Dwarfs with Exoplanets*}",
      journal = {\apj},
     keywords = {ISM: clouds, stars: low-mass, Astrophysics - Solar and Stellar Astrophysics},
         year = 2016,
        month = jun,
       volume = {824},
       number = {2},
          eid = {101},
        pages = {101},
          doi = {10.3847/0004-637X/824/2/101},
archivePrefix = {arXiv},
       eprint = {1604.01032},
 primaryClass = {astro-ph.SR},
       adsurl = {https://ui.adsabs.harvard.edu/abs/2016ApJ...824..101Y},
      adsnote = {Provided by the SAO/NASA Astrophysics Data System}
}




@ARTICLE{2016ApJ...832..173S,
       author = {{Shaikhislamov}, I.~F. and {Khodachenko}, M.~L. and {Lammer}, H. and
         {Kislyakova}, K.~G. and {Fossati}, L. and {Johnstone}, C.~P. and
         {Prokopov}, P.~A. and {Berezutsky}, A.~G. and {Zakharov}, Yu. P. and
         {Posukh}, V.~G.},
        title = "{Two Regimes of Interaction of a Hot Jupiter{\textquoteright}s Escaping Atmosphere with the Stellar Wind and Generation of Energized Atomic Hydrogen Corona}",
      journal = {\apj},
     keywords = {hydrodynamics, planets and satellites: atmospheres, planets and satellites: individual: exoplanets, planets and satellites: physical evolution, planet─star interactions, plasmas, Astrophysics - Earth and Planetary Astrophysics, Astrophysics - Solar and Stellar Astrophysics},
         year = 2016,
        month = dec,
       volume = {832},
       number = {2},
          eid = {173},
        pages = {173},
          doi = {10.3847/0004-637X/832/2/173},
archivePrefix = {arXiv},
       eprint = {1701.07692},
 primaryClass = {astro-ph.EP},
       adsurl = {https://ui.adsabs.harvard.edu/abs/2016ApJ...832..173S},
      adsnote = {Provided by the SAO/NASA Astrophysics Data System}
}


@ARTICLE{2019A&A...623A.131K,
       author = {{Kislyakova}, K.~G. and {Holmstr{\"o}m}, M. and {Odert}, P. and
         {Lammer}, H. and {Erkaev}, N.~V. and {Khodachenko}, M.~L. and
         {Shaikhislamov}, I.~F. and {Dorfi}, E. and {G{\"u}del}, M.},
        title = "{Transit Lyman-{\ensuremath{\alpha}} signatures of terrestrial planets in the habitable zones of M dwarfs}",
      journal = {\aap},
     keywords = {planets and satellites: terrestrial planets, planets and satellites: atmospheres, planet-star interactions, ultraviolet: planetary systems, methods: numerical, Astrophysics - Earth and Planetary Astrophysics},
         year = 2019,
        month = mar,
       volume = {623},
          eid = {A131},
        pages = {A131},
          doi = {10.1051/0004-6361/201833941},
archivePrefix = {arXiv},
       eprint = {1903.02303},
 primaryClass = {astro-ph.EP},
       adsurl = {https://ui.adsabs.harvard.edu/abs/2019A&A...623A.131K},
      adsnote = {Provided by the SAO/NASA Astrophysics Data System}
}


@ARTICLE{2019MNRAS.483.1481D,
       author = {{Debrecht}, Alex and {Carroll-Nellenback}, Jonathan and {Frank}, Adam and
         {McCann}, John and {Murray-Clay}, Ruth and {Blackman}, Eric G.},
        title = "{Photoevaporative flows from exoplanet atmospheres: a 3D radiative hydrodynamic parameter study}",
      journal = {\mnras},
     keywords = {hydrodynamics, planets and satellites: atmospheres, planet-star interactions, Astrophysics - Earth and Planetary Astrophysics},
         year = 2019,
        month = feb,
       volume = {483},
       number = {2},
        pages = {1481-1495},
          doi = {10.1093/mnras/sty3212},
archivePrefix = {arXiv},
       eprint = {1811.09314},
 primaryClass = {astro-ph.EP},
       adsurl = {https://ui.adsabs.harvard.edu/abs/2019MNRAS.483.1481D},
      adsnote = {Provided by the SAO/NASA Astrophysics Data System}
}


@ARTICLE{2019A&A...622A..46D,
       author = {{dos Santos}, Leonardo A. and {Bourrier}, Vincent and
         {Ehrenreich}, David and {Kameda}, Shingo},
        title = "{Observability of hydrogen-rich exospheres in Earth-like exoplanets}",
      journal = {\aap},
     keywords = {planets and satellites: atmospheres, techniques: spectroscopic, ultraviolet: stars, ultraviolet: planetary systems, Astrophysics - Earth and Planetary Astrophysics},
         year = 2019,
        month = feb,
       volume = {622},
          eid = {A46},
        pages = {A46},
          doi = {10.1051/0004-6361/201833392},
archivePrefix = {arXiv},
       eprint = {1812.02145},
 primaryClass = {astro-ph.EP},
       adsurl = {https://ui.adsabs.harvard.edu/abs/2019A&A...622A..46D},
      adsnote = {Provided by the SAO/NASA Astrophysics Data System}
}


@ARTICLE{2018MNRAS.481.5315S,
       author = {{Shaikhislamov}, I.~F. and {Khodachenko}, M.~L. and {Lammer}, H. and
         {Berezutsky}, A.~G. and {Miroshnichenko}, I.~B. and {Rumenskikh}, M.~S.},
        title = "{3D Aeronomy modelling of close-in exoplanets}",
      journal = {\mnras},
     keywords = {hydrodynamics, plasmas, planets and satellites: atmospheres, planet-star interactions, Astrophysics - Earth and Planetary Astrophysics},
         year = 2018,
        month = dec,
       volume = {481},
       number = {4},
        pages = {5315-5323},
          doi = {10.1093/mnras/sty2652},
archivePrefix = {arXiv},
       eprint = {1811.08146},
 primaryClass = {astro-ph.EP},
       adsurl = {https://ui.adsabs.harvard.edu/abs/2018MNRAS.481.5315S},
      adsnote = {Provided by the SAO/NASA Astrophysics Data System}
}


@ARTICLE{2018A&A...620A.147B,
       author = {{Bourrier}, V. and {Lecavelier des Etangs}, A. and {Ehrenreich}, D. and
         {Sanz-Forcada}, J. and {Allart}, R. and {Ballester}, G.~E. and
         {Buchhave}, L.~A. and {Cohen}, O. and {Deming}, D. and {Evans}, T.~M. and
         {Garc{\'\i}a Mu{\~n}oz}, A. and {Henry}, G.~W. and {Kataria}, T. and
         {Lavvas}, P. and {Lewis}, N. and {L{\'o}pez-Morales}, M. and
         {Marley}, M. and {Sing}, D.~K. and {Wakeford}, H.~R.},
        title = "{Hubble PanCET: an extended upper atmosphere of neutral hydrogen around the warm Neptune GJ 3470b}",
      journal = {\aap},
     keywords = {techniques: spectroscopic, planets and satellites: atmospheres, planets and satellites: individual: GJ 3470b, planet-star interactions, ultraviolet: stars, Astrophysics - Earth and Planetary Astrophysics, Astrophysics - Solar and Stellar Astrophysics},
         year = 2018,
        month = dec,
       volume = {620},
          eid = {A147},
        pages = {A147},
          doi = {10.1051/0004-6361/201833675},
archivePrefix = {arXiv},
       eprint = {1812.05119},
 primaryClass = {astro-ph.EP},
       adsurl = {https://ui.adsabs.harvard.edu/abs/2018A&A...620A.147B},
      adsnote = {Provided by the SAO/NASA Astrophysics Data System}
}


@INPROCEEDINGS{2018abmc.conf..277C,
       author = {{Cherenkov}, A.~A. and {Bisikalo}, D.~V.},
        title = "{Influence of radiation pressure of the host star on the atmospheric gas-dynamics of hot-Jupiter HD 209458b}",
    booktitle = {A.A. Boyarchuk Memorial Conference},
         year = 2018,
       editor = {{Bisikalo}, D.~V. and {Wiebe}, D.~S.},
        month = may,
        pages = {277-282},
          doi = {10.26087/INASAN.2018.1.1.047},
       adsurl = {https://ui.adsabs.harvard.edu/abs/2018abmc.conf..277C},
      adsnote = {Provided by the SAO/NASA Astrophysics Data System}
}

@ARTICLE{2017AJ....154..121B,
       author = {{Bourrier}, V. and {de Wit}, J. and {Bolmont}, E. and
         {Stamenkovi{\'c}}, V. and {Wheatley}, P.~J. and {Burgasser}, A.~J. and
         {Delrez}, L. and {Demory}, B. -O. and {Ehrenreich}, D. and
         {Gillon}, M. and {Jehin}, E. and {Leconte}, J. and {Lederer}, S.~M. and
         {Lewis}, N. and {Triaud}, A.~H.~M.~J. and {Van Grootel}, V.},
        title = "{Temporal Evolution of the High-energy Irradiation and Water Content of TRAPPIST-1 Exoplanets}",
      journal = {\aj},
     keywords = {planetary systems, planets and satellites: atmospheres, planets and satellites: terrestrial planets, stars: individual: TRAPPIST-1, stars: low-mass, ultraviolet: planetary systems, Astrophysics - Earth and Planetary Astrophysics},
         year = 2017,
        month = sep,
       volume = {154},
       number = {3},
          eid = {121},
        pages = {121},
          doi = {10.3847/1538-3881/aa859c},
archivePrefix = {arXiv},
       eprint = {1708.09484},
 primaryClass = {astro-ph.EP},
       adsurl = {https://ui.adsabs.harvard.edu/abs/2017AJ....154..121B},
      adsnote = {Provided by the SAO/NASA Astrophysics Data System}
}


@ARTICLE{2017A&A...605L...7L,
       author = {{Lavie}, B. and {Ehrenreich}, D. and {Bourrier}, V. and
         {Lecavelier des Etangs}, A. and {Vidal-Madjar}, A. and {Delfosse}, X. and
         {Gracia Berna}, A. and {Heng}, K. and {Thomas}, N. and {Udry}, S. and
         {Wheatley}, P.~J.},
        title = "{The long egress of GJ 436b's giant exosphere}",
      journal = {\aap},
     keywords = {planets and satellites: atmospheres, planets and satellites: gaseous planets, planets and satellites: individual: GJ 436, Astrophysics - Earth and Planetary Astrophysics},
         year = 2017,
        month = sep,
       volume = {605},
          eid = {L7},
        pages = {L7},
          doi = {10.1051/0004-6361/201731340},
archivePrefix = {arXiv},
       eprint = {1709.04686},
 primaryClass = {astro-ph.EP},
       adsurl = {https://ui.adsabs.harvard.edu/abs/2017A&A...605L...7L},
      adsnote = {Provided by the SAO/NASA Astrophysics Data System}
}


@ARTICLE{2017A&A...602A.106B,
       author = {{Bourrier}, V. and {Ehrenreich}, D. and {Allart}, R. and
         {Wyttenbach}, A. and {Semaan}, T. and {Astudillo-Defru}, N. and
         {Gracia-Bern{\'a}}, A. and {Lovis}, C. and {Pepe}, F. and {Thomas}, N. and
         {Udry}, S.},
        title = "{Strong H I Lyman-{\ensuremath{\alpha}} variations from an 11 Gyr-old host star: a planetary origin?}",
      journal = {\aap},
     keywords = {planetary systems, stars: individual: Kepler-444, planets and satellites: atmospheres, techniques: spectroscopic, Astrophysics - Earth and Planetary Astrophysics, Astrophysics - Solar and Stellar Astrophysics},
         year = 2017,
        month = jun,
       volume = {602},
          eid = {A106},
        pages = {A106},
          doi = {10.1051/0004-6361/201730542},
archivePrefix = {arXiv},
       eprint = {1703.00504},
 primaryClass = {astro-ph.EP},
       adsurl = {https://ui.adsabs.harvard.edu/abs/2017A&A...602A.106B},
      adsnote = {Provided by the SAO/NASA Astrophysics Data System}
}


@ARTICLE{2016Icar..280..415B,
       author = {{Beth}, A. and {Garnier}, P. and {Toublanc}, D. and {Dandouras}, I. and
         {Mazelle}, C.},
        title = "{Theory for planetary exospheres: III. Radiation pressure effect on the Circular Restricted Three Body Problem and its implication on planetary atmospheres}",
      journal = {\icarus},
     keywords = {Atmosphere, dynamics, Celestial mechanics, Solar radiation, Extra-solar planets, Astrophysics - Earth and Planetary Astrophysics},
         year = 2016,
        month = dec,
       volume = {280},
        pages = {415-423},
          doi = {10.1016/j.icarus.2016.06.028},
archivePrefix = {arXiv},
       eprint = {1508.00426},
 primaryClass = {astro-ph.EP},
       adsurl = {https://ui.adsabs.harvard.edu/abs/2016Icar..280..415B},
      adsnote = {Provided by the SAO/NASA Astrophysics Data System}
}


@ARTICLE{2019A&A...629A..47D,
       author = {{dos Santos}, L.~A. and {Ehrenreich}, D. and {Bourrier}, V. and
         {Lecavelier des Etangs}, A. and {L{\'o}pez-Morales}, M. and
         {Sing}, D.~K. and {Ballester}, G. and {Ben-Jaffel}, L. and
         {Buchhave}, L.~A. and {Garc{\'\i}a Mu{\~n}oz}, A. and {Henry}, G.~W. and
         {Kataria}, T. and {Lavie}, B. and {Lavvas}, P. and {Lewis}, N.~K. and
         {Mikal-Evans}, T. and {Sanz-Forcada}, J. and {Wakeford}, H.},
        title = "{The Hubble PanCET program: an extensive search for metallic ions in the exosphere of GJ 436 b}",
      journal = {\aap},
     keywords = {stars: individual: GJ 436, stars: activity, stars: chromospheres, planets and satellites: atmospheres, Astrophysics - Earth and Planetary Astrophysics, Astrophysics - Solar and Stellar Astrophysics},
         year = 2019,
        month = sep,
       volume = {629},
          eid = {A47},
        pages = {A47},
          doi = {10.1051/0004-6361/201935663},
archivePrefix = {arXiv},
       eprint = {1907.05906},
 primaryClass = {astro-ph.EP},
       adsurl = {https://ui.adsabs.harvard.edu/abs/2019A&A...629A..47D},
      adsnote = {Provided by the SAO/NASA Astrophysics Data System}
}


@ARTICLE{2020ApJ...888L..21G,
       author = {{Garc{\'\i}a Mu{\~n}oz}, A. and {Youngblood}, A. and {Fossati}, L. and
         {Gandolfi}, D. and {Cabrera}, J. and {Rauer}, H.},
        title = "{Is {\ensuremath{\pi}} Men c{\textquoteright}s Atmosphere Hydrogen-dominated? Insights from a Non-detection of H I Ly{\ensuremath{\alpha}} Absorption}",
      journal = {\apjl},
     keywords = {Exoplanet atmospheres, Aeronomy, Ultraviolet astronomy, Exoplanet atmospheric composition, Astrophysics - Earth and Planetary Astrophysics},
         year = 2020,
        month = jan,
       volume = {888},
       number = {2},
          eid = {L21},
        pages = {L21},
          doi = {10.3847/2041-8213/ab61ff},
archivePrefix = {arXiv},
       eprint = {1912.06913},
 primaryClass = {astro-ph.EP},
       adsurl = {https://ui.adsabs.harvard.edu/abs/2020ApJ...888L..21G},
      adsnote = {Provided by the SAO/NASA Astrophysics Data System}
}


@ARTICLE{2007JCoPh.222..485D,
       author = {{Densmore}, Jeffery D. and {Urbatsch}, Todd J. and {Evans}, Thomas M. and
         {Buksas}, Michael W.},
        title = "{A hybrid transport-diffusion method for Monte Carlo radiative-transfer simulations}",
      journal = {Journal of Computational Physics},
         year = 2007,
        month = mar,
       volume = {222},
       number = {2},
        pages = {485-503},
          doi = {10.1016/j.jcp.2006.07.031},
       adsurl = {https://ui.adsabs.harvard.edu/abs/2007JCoPh.222..485D},
      adsnote = {Provided by the SAO/NASA Astrophysics Data System}
}

@ARTICLE{2001JCoPh.172..543G,
       author = {{Gentile}, N.~A.},
        title = "{Implicit Monte Carlo Diffusion{\textemdash}An Acceleration Method for Monte Carlo Time-Dependent Radiative Transfer Simulations}",
      journal = {Journal of Computational Physics},
         year = 2001,
        month = sep,
       volume = {172},
       number = {2},
        pages = {543-571},
          doi = {10.1006/jcph.2001.6836},
       adsurl = {https://ui.adsabs.harvard.edu/abs/2001JCoPh.172..543G},
      adsnote = {Provided by the SAO/NASA Astrophysics Data System}
}


@ARTICLE{1984JCoPh..54..508F,
       author = {{Fleck}, J.~A., Jr. and {Canfield}, E.~H.},
        title = "{A Random Walk Procedure for Improving the Computational Efficiency of the Implicit Monte Carlo Method for Nonlinear Radiation Transport}",
      journal = {Journal of Computational Physics},
     keywords = {Monte Carlo Method, Nonlinear Equations, Radiation Transport, Random Walk, Wave Scattering, Black Body Radiation, Diffusion Theory, Optical Thickness, Radiation Absorption, Run Time (Computers), Statistical Analysis, Thermodynamics and Statistical Physics},
         year = 1984,
        month = jun,
       volume = {54},
       number = {3},
        pages = {508-523},
          doi = {10.1016/0021-9991(84)90130-X},
       adsurl = {https://ui.adsabs.harvard.edu/abs/1984JCoPh..54..508F},
      adsnote = {Provided by the SAO/NASA Astrophysics Data System}
}

@ARTICLE{2009A&A...497..155M,
       author = {{Min}, M. and {Dullemond}, C.~P. and {Dominik}, C. and {de Koter}, A. and
         {Hovenier}, J.~W.},
        title = "{Radiative transfer in very optically thick circumstellar disks}",
      journal = {\aap},
     keywords = {radiative transfer, diffusion, stars: circumstellar matter, Astrophysics - Instrumentation and Methods for Astrophysics},
         year = 2009,
        month = apr,
       volume = {497},
       number = {1},
        pages = {155-166},
          doi = {10.1051/0004-6361/200811470},
archivePrefix = {arXiv},
       eprint = {0902.3092},
 primaryClass = {astro-ph.IM},
       adsurl = {https://ui.adsabs.harvard.edu/abs/2009A&A...497..155M},
      adsnote = {Provided by the SAO/NASA Astrophysics Data System}
}

@ARTICLE{2010A&A...520A..70R,
       author = {{Robitaille}, T.~P.},
        title = "{On the modified random walk algorithm for Monte-Carlo radiation transfer}",
      journal = {\aap},
     keywords = {radiative transfer, diffusion, circumstellar matter, methods: numerical, Astrophysics - Instrumentation and Methods for Astrophysics},
         year = 2010,
        month = sep,
       volume = {520},
          eid = {A70},
        pages = {A70},
          doi = {10.1051/0004-6361/201015025},
archivePrefix = {arXiv},
       eprint = {1010.0001},
 primaryClass = {astro-ph.IM},
       adsurl = {https://ui.adsabs.harvard.edu/abs/2010A&A...520A..70R},
      adsnote = {Provided by the SAO/NASA Astrophysics Data System}
}

@ARTICLE{2002ApJ...567..922A,
       author = {{Ahn}, Sang-Hyeon and {Lee}, Hee-Won and {Lee}, Hyung Mok},
        title = "{Ly{\ensuremath{\alpha}} Line Formation in Starbursting Galaxies. II. Extremely Thick, Dustless, and Static H I Media}",
      journal = {\apj},
     keywords = {Galaxies: Starburst, Galaxy: Formation, Line: Formation, Radiative Transfer, Astrophysics},
         year = 2002,
        month = mar,
       volume = {567},
       number = {2},
        pages = {922-930},
          doi = {10.1086/338497},
archivePrefix = {arXiv},
       eprint = {astro-ph/0111013},
 primaryClass = {astro-ph},
       adsurl = {https://ui.adsabs.harvard.edu/abs/2002ApJ...567..922A},
      adsnote = {Provided by the SAO/NASA Astrophysics Data System}
}

@ARTICLE{1968ApJ...153..783A,
       author = {{Auer}, Lawrence H.},
        title = "{Transfer of Lyman Alpha in Diffuse Nebulae}",
      journal = {\apj},
         year = 1968,
        month = sep,
       volume = {153},
        pages = {783},
          doi = {10.1086/149705},
       adsurl = {https://ui.adsabs.harvard.edu/abs/1968ApJ...153..783A},
      adsnote = {Provided by the SAO/NASA Astrophysics Data System}
}


@ARTICLE{2018MNRAS.479.2065S,
       author = {{Smith}, Aaron and {Tsang}, Benny T. -H. and {Bromm}, Volker and
         {Milosavljevi{\'c}}, Milo{\v{s}}},
        title = "{Discrete diffusion Lyman {\ensuremath{\alpha}} radiative transfer}",
      journal = {\mnras},
     keywords = {radiative transfer, galaxies: high-redshift, line: formation, Astrophysics - Cosmology and Nongalactic Astrophysics, Astrophysics - Astrophysics of Galaxies, Physics - Computational Physics},
         year = 2018,
        month = sep,
       volume = {479},
       number = {2},
        pages = {2065-2078},
          doi = {10.1093/mnras/sty1509},
archivePrefix = {arXiv},
       eprint = {1709.10187},
 primaryClass = {astro-ph.CO},
       adsurl = {https://ui.adsabs.harvard.edu/abs/2018MNRAS.479.2065S},
      adsnote = {Provided by the SAO/NASA Astrophysics Data System}
}

@ARTICLE{2006ApJ...648..762T,
       author = {{Tasitsiomi}, Argyro},
        title = "{On the Transfer of Resonant-Line Radiation in Mesh Simulations}",
      journal = {\apj},
     keywords = {Line: Formation, Line: Profiles, Radiative Transfer, Scattering, Astrophysics},
         year = 2006,
        month = sep,
       volume = {648},
       number = {1},
        pages = {762-766},
          doi = {10.1086/505682},
archivePrefix = {arXiv},
       eprint = {astro-ph/0601562},
 primaryClass = {astro-ph},
       adsurl = {https://ui.adsabs.harvard.edu/abs/2006ApJ...648..762T},
      adsnote = {Provided by the SAO/NASA Astrophysics Data System}
}

@ARTICLE{2009ApJ...696..853L,
       author = {{Laursen}, Peter and {Razoumov}, Alexei O. and {Sommer-Larsen}, Jesper},
        title = "{Ly{\ensuremath{\alpha}} Radiative Transfer in Cosmological Simulations Using Adaptive Mesh Refinement}",
      journal = {\apj},
     keywords = {galaxies: evolution, galaxies: formation, galaxies: fundamental parameters, line: formation, line: profiles, radiative transfer, scattering, Astrophysics},
         year = 2009,
        month = may,
       volume = {696},
       number = {1},
        pages = {853-869},
          doi = {10.1088/0004-637X/696/1/853},
archivePrefix = {arXiv},
       eprint = {0805.3153},
 primaryClass = {astro-ph},
       adsurl = {https://ui.adsabs.harvard.edu/abs/2009ApJ...696..853L},
      adsnote = {Provided by the SAO/NASA Astrophysics Data System}
}

